# ZUZA Scraper

Playwright + YAML repo do scrapowania sekcji z rossmann.pl i kolejnych serwisów.

## Start

```bash
python -m venv .venv && source .venv/bin/activate
pip install -r requirements.txt
python -m playwright install chromium
cp .env.example .env
python -m scraper.runner --site rossmann --profiles desktop,mobile --headless true --save-snapshots true
```

## Wymagania projektu (z pliku)

```
Zuza – Architektura i Plan Realizacji

Dokument opisuje architekturę docelowego projektu „Zuza”: scraper Playwright (Python) z harmonogramem (GitHub Actions), snapshotami, raportem zdrowia, wykrywaniem zmian i przygotowaniem pod skalowanie. Uwzględnia to, co wypracowaliśmy w trakcie prac (sanity/smoke, preflight, artefakty, retry, proxy, itp.). Na końcu znajdziesz sekwencję promptów do Codexa, którą możesz wykonać krok po kroku.

1) Cele i zakres

Cele biznesowe
Codzienny zrzut stanu strony (Rossmann → docelowo więcej serwisów).
Stabilny run bez ręcznej interwencji; szybka diagnoza w razie awarii.
Zapisy snapshotów i metadanych, by móc: porównywać zmiany, debugować, odtwarzać kontekst.
Zakres techniczny (MVP → v1.0)
Python + Playwright (Chromium), headless, profile desktop/mobile.
Folder dzienny: data/<site>/<YYYY-MM-DD>/{images,snapshots,items.jsonl,health_report.json}.
CI/CD: GitHub Actions (manual + cron), sanity/smoke, preflight DNS/HTTP, asercje artefaktów.
Raport zdrowia z metrykami i kodami błędów.
(Po MVP) diffing zmian, alerty, proxy/IPv4, orkiestracja wielu serwisów.

2) Widok wysokopoziomowy

+-------------------+     +-------------------+
|  GitHub Actions   |-->--|  Playwright Ctnr  |--+---> data/<site>/<date>/
|  (cron, manual)   |     |  (python:3.10)    |  |
+---------+---------+     +---------+---------+  |
          |                         |            |
          | sanity/smoke/preflight  |            |
          v                         v            v
   health & artefakty         scraper.runner   health_report.json

Główne komponenty
scraper/runner.py – orkiestracja runu, katalogi, zrzuty, zapis health report.
scraper/browser.py – browser_context(...), safe_goto(...), network_settle(...), retry/backoff, trace/snapshots.
scraper/extract.py – ekstrakcja danych domenowych (MVP: kilka pól produktu; później rozszerzenia).
scraper/diffing.py – porównanie z wczoraj/ostatnim runem, generowanie zmian.
scraper/storage.py – zapisy/odczyty plików, (w przyszłości) S3/GCS.
scraper/health.py – schemat raportu i utilsy do metryk.
scraper/alerts.py – (po MVP) powiadomienia (e-mail/Slack/Webhook).
scraper/utils.py – narzędzia wspólne (czas, rozmiary plików, itp.).

3) Struktura repo i układ danych
.github/workflows/
  scrape-rossmann.yml
config/
  settings.yaml
  sites/rossmann.yaml
scraper/
  __init__.py
  browser.py
  runner.py
  extract.py
  diffing.py
  storage.py
  health.py
  alerts.py
  utils.py
data/
  <site>/<YYYY-MM-DD>/
    images/
    snapshots/
    items.jsonl         # (opcjonalnie w MVP, docelowo tak)
    health_report.json

Kontrakty I/O

Wejście: konfiguracja site (URL startowe, selektory, parametry profili) w config/sites/<site>.yaml.

Wyjście:
images/ – screenshoty poglądowe.
snapshots/ – screenshoty/trace’y/sygnatury, wymagane do walidacji.
items.jsonl – rekordy danych (JSON Lines; 1 wiersz = 1 obiekt).
health_report.json – raport runu (schemat poniżej).

4) Konfiguracja środowiska
Python 3.10 (zgodny z obrazem Playwright v1.54.0-jammy).
requirements.txt – pin playwright==1.54.0 + loguru, tenacity, PyYAML, pillow, pytesseract, rapidfuzz, python-dotenv.
Instalacja przeglądarek + system deps (na runnerze CI):
python -m playwright install --with-deps chromium
Zmienne środowiskowe (opcjonalne/planowane):
LOGURU_LEVEL=DEBUG
ZUZA_FORCE_IPV4=1 – wymuszenie IPv4/wyłączenie AsyncDNS (flagą do chrome).
HTTP_PROXY, HTTPS_PROXY, NO_PROXY – obsługa proxy.
ZUZA_SAVE_SNAPSHOTS=true – wymuszenie snapshotów.

5) GitHub Actions (CI/CD)
Workflow .github/workflows/scrape-rossmann.yml:
Trigerry: workflow_dispatch, schedule: '30 4 * * *' (UTC).
Container: mcr.microsoft.com/playwright/python:v1.54.0-jammy.

Kroki:

Checkout.
Upgrade pip + pip install -r requirements.txt (pin Playwright 1.54.0).
python -m playwright install --with-deps chromium.
Sanity (example.com) – szybka weryfikacja środowiska.
Smoke-test (zrzut z rossmann.pl do images/).
Preflight DNS/HTTP (getent hosts, curl -I https://www.rossmann.pl/robots.txt).
Run scraper (desktop+mobile, headless=true, save-snapshots=true).
Asercje: musi istnieć co najmniej 1 plik w snapshots/ oraz niepusty health_report.json.
Upload artefaktu data/**.
Stabilność: concurrency (cancel-in-progress) + timeout-minutes na jobie.

6) Kontrakty modułów
browser.py
async def browser_context(profile: str, headless: bool, start_tracing: bool=False, snapshots_dir: str|None=None, proxy: dict|None=None) -> async contextmanager:
Profile modyfikuje UA, viewport, emulację (desktop/mobile).
Obsługa flag Chromium (IPv4, wyłączenie AsyncDNS), integracja proxy.
(Opcjonalnie) trace start/stop do snapshots/ (pliki .zip/.trace/.png).
async def safe_goto(page, url, timeout_ms=30000, retries=3, backoff=1.5, force_ipv4_env="ZUZA_FORCE_IPV4") – retry/backoff, normalizacja błędów.
async def network_settle(page, idle_ms=800) – krótka stabilizacja sieci.
runner.py
Parametry: --site, --profiles, --headless, --save-snapshots.
Tworzy katalog dzienny i podkatalogi; na profil robi co najmniej:
wejście na stronę główną i snapshot (gdy --save-snapshots true).
minimalny screenshot do images/.
Zapisuje health_report.json zgodny ze schematem (poniżej).
extract.py (MVP)
async def run(page) -> list[dict] – zwraca listę rekordów {brand,title,price,image_url,alt}; wynik dopisywany do items.jsonl.
diffing.py
Porównanie items.jsonl (dziś vs wczoraj) → zmiany added/removed/changed.
storage.py
Helpery: zapisy JSONL, bezpieczne ścieżki, opcjonalnie backend S3/GCS.
health.py
write_health_report(path, payload) i walidacja schematu.
alerts.py
(Po MVP) Webhook/Slack/Email na ok=false lub duże zmiany.

7) Schemat health_report.json
Przykład:
{
  "site": "rossmann",
  "date": "2025-08-12",
  "profiles": ["desktop","mobile"],
  "visited_urls": 2,
  "errors": 0,
  "snapshots_count": 3,
  "ok": true,
  "metrics": {
    "run_ms": 23145,
    "snapshots_bytes_sum": 5423981
  },
  "network": {
    "force_ipv4": true,
    "proxy_used": false
  },
  "notes": []
}

Wymagane pola (asercje CI): snapshots_count > 0 oraz plik niepusty.

8) Błędy i twarde problemy
net::ERR_ADDRESS_UNREACHABLE – najczęściej problem DNS/IPv6/HTTP blokada. Działania: preflight getent hosts + curl, opcjonalnie wymusić IPv4 (ZUZA_FORCE_IPV4=1 → flagi Chromium), ewentualnie proxy.
Brak system deps dla Playwright → zawsze uruchamiać python -m playwright install --with-deps chromium w CI.
Puste snapshots/ – wymuś co najmniej 1 snapshot per profil (landing) nawet przy błędach ekstrakcji.

9) Bezpieczeństwo, stabilność, skalowanie
Bezpieczeństwo: brak sekretów w logach; proxy/klucze tylko z secrets.
Stabilność: retry/backoff w nawigacji, timeout-minutes w workflow, concurrency.
Skalowanie: poziome po site/profilach; kolejny krok – matrix jobs; artefakty per-site; opcjonalny cache.
Retencja: trzymać N dni; rotacja przez job cleanup (po v1.0) lub przenoszenie do S3.

10) Testy i QA
Sanity: wejście na example.com, print tytułu.
Smoke: screenshot landing do images/.
Asercje CI: istnienie >0 plików w snapshots/ oraz niepustego health_report.json.
QA lokalne: scripts/qa_check.py --site rossmann --date YYYY-MM-DD (sprawdza strukturę i pola raportu).
Testy domenowe: minimalne asercje selektorów z config/sites/rossmann.yaml.

11) Roadmap (MVP → v1.0)
MVP: stabilny run, snapshoty, health report, CI artefakty, sanity/smoke/preflight.
v0.9: retry/backoff w safe_goto, minimalny items.jsonl, metryki w health_report.json.
v1.0: diffing, alerty, proxy/IPv4 feature flag, QA script, retencja danych.

12) Kryteria akceptacji (Definition of Done)
Cron uruchamia się codziennie; manual działa.
data/<site>/<today>/snapshots/* zawiera >0 plików.
health_report.json jest niepusty i ok==true dla zielonego runu.
Artefakt w Actions zawiera przynajmniej images/smoke.png, snapshots/*, health_report.json.u.

Lokalizacje elementów do trackowania:
Sekcja 1 (Slider):
<section class="flex flex-column g-3 g-2:md g-5:lg px-4 px-3:md AutoPlayBanner-module_wideContainer--A7r0D items-end:md Container-module_container--NRjJ9"><div class="flex flex-column text-base-700 g-2 g-3:lg AutoPlayBanner-module_wideCopy--rWFsH"><div class="h1 m-0 strong AutoPlayBanner-module_wideTitle--TVgiv" style="color: rgb(255, 255, 255);">Zadbaj o&nbsp;skórę&nbsp;latem</div><div class="line-clamp-4 h3 stron AutoPlayBanner-module_wideContent--rZREK" style="color: rgb(255, 255, 255);">Balsamy, samoopalacze, pianki, musy</div><button class="self-start flex items-center content-center px-2 Button-module_button--6GOIQ Button-module_large--xQ8J+ Button-module_icon--MEzGO Button-module_primary--0q51X Button-module_icon--MEzGO" data-testid="banner-lp" style="background-color: rgb(195, 0, 45);"><div class="label-large flex items-center"><div class="AutoPlayBanner-module_wideBtnText--fSmeb" style="color: rgb(255, 255, 255);">Sprawdzam</div><svg class="ui-icon " stroke-width="1.2" width="24" height="24" viewBox="0 0 24 24" preserveAspectRatio="" fill="none" stroke="#ffffffff" stroke-linecap="round" stroke-linejoin="round" overflow="visible" data-testid="icon-chevron-right"><path d="M9 18L14.9208 12.1951C14.9457 12.1707 14.9657 12.1406 14.9793 12.107C14.9929 12.0733 15 12.0369 15 12C15 11.9631 14.9929 11.9267 14.9793 11.893C14.9657 11.8594 14.9457 11.8293 14.9208 11.8049L9 6"></path></svg></div></button></div></section>

Sekcja 2:
1. header + subheader(w tej sekcji akurat subheadera brak): <section class="flex items-baseline content-between pb-1 pb-3:lg"><div><a href="https://www.rossmann.pl/promocje"><h2 class="SectionTitle-module_title--Y6ljG strong py-1 m-0">Sprawdź nasze promocje!</h2></a></div><a class="nowrap Button-module_button--6GOIQ px-0" href="https://www.rossmann.pl/promocje">Więcej <svg class="ui-icon " stroke-width="1.2" width=" 24" height="24" viewBox="0 0 24 24" preserveAspectRatio="" fill="none" stroke="currentColor" stroke-linecap="round" stroke-linejoin="round" overflow="visible"><path d="M9 18L14.9208 12.1951C14.9457 12.1707 14.9657 12.1406 14.9793 12.107C14.9929 12.0733 15 12.0369 15 12C15 11.9631 14.9929 11.9267 14.9793 11.893C14.9657 11.8594 14.9457 11.8293 14.9208 11.8049L9 6"></path></svg></a></section>
2. Produkt 1:
- foto: <img loading="eager" src="https://pro-fra-s3-productsassets.rossmann.pl/product_1_small/2077380_338_190_1753447707.webp" alt="ERNE ,plastry na wypryski z formułą na bazie niacynamidu, na dzień i na noc,przód" data-testid="product-image">
- name: <strong class="DescriptionSection-module_strongSmall--8u2H2">ERNE </strong>
- description: <div title="plastry na wypryski z formułą na bazie niacynamidu, na dzień i na noc" class="DescriptionSection-module_caption--t+QTb DescriptionSection-module_captionSmall--ClR1Q" data-testid="product-caption">plastry na wypryski z formułą na bazie niacynamidu, na dzień i na noc</div>
- price: <span class="PriceSection-module_price--I18Do PriceSection-module_priceSmall--UhUP0 PriceSection-module_pricePromotion--4NEgk" data-testid="product-price"><span>5</span><span>,39 zł</span></span>
- lowest-30-day-price: <span data-testid="product-price" class="styles-module_strike--3Okb2  styles-module_xxxSmall--DH55z styles-module_price--9IDpJ">8<span class="styles-module_price--9IDpJ">,99</span> <span>zł</span></span>
- badge: <span class="styles-module_badge--ptqlS styles-module_mega--gSaUd "><span>MEGA!</span></span>
3. Produkt 2
- foto: <img loading="eager" src="https://pro-fra-s3-productsassets.rossmann.pl/product_1_small/377734_338_190_1727377188.webp" alt="ISANA ,płatki pod oczy, hydrożelowe, intensywnie nawilżające,przód" data-testid="product-image">
- name: <div title="ISANA " class="DescriptionSection-module_brand--+Edq7 DescriptionSection-module_brandSmall--J0DP7" data-testid="product-brand"><strong class="DescriptionSection-module_strongSmall--8u2H2">ISANA </strong></div>
- description: <div title="płatki pod oczy, hydrożelowe, intensywnie nawilżające" class="DescriptionSection-module_caption--t+QTb DescriptionSection-module_captionSmall--ClR1Q" data-testid="product-caption">płatki pod oczy, hydrożelowe, intensywnie nawilżające</div>
- price: <span class="PriceSection-module_price--I18Do PriceSection-module_priceSmall--UhUP0 PriceSection-module_pricePromotion--4NEgk" data-testid="product-price"><span>2</span><span>,79 zł</span></span>
- lowest-30-day-price: <span data-testid="product-price" class="styles-module_strike--3Okb2  styles-module_xxxSmall--DH55z styles-module_price--9IDpJ">4<span class="styles-module_price--9IDpJ">,59</span> <span>zł</span></span>
- badge: <span class="styles-module_badge--ptqlS styles-module_mega--gSaUd "><span>MEGA!</span></span>
4. Produkt 3
- foto: <img loading="eager" src="https://pro-fra-s3-productsassets.rossmann.pl/product_1_small/16779_338_190_1727271502.webp" alt="DELIA COSMETICS Eyebrow Expert ,henna do brwi, tradycyjna, nr 4.0 Brązowy,przód" data-testid="product-image">
- name: <div title="DELIA COSMETICS Eyebrow Expert " class="DescriptionSection-module_brand--+Edq7 DescriptionSection-module_brandSmall--J0DP7" data-testid="product-brand"><strong class="DescriptionSection-module_strongSmall--8u2H2">DELIA COSMETICS Eyebrow Expert </strong></div>
- description: <div title="henna do brwi, tradycyjna, nr 4.0 Brązowy" class="DescriptionSection-module_caption--t+QTb DescriptionSection-module_captionSmall--ClR1Q" data-testid="product-caption">henna do brwi, tradycyjna, nr 4.0 Brązowy</div>
- price: <span class="PriceSection-module_price--I18Do PriceSection-module_priceSmall--UhUP0 PriceSection-module_pricePromotion--4NEgk" data-testid="product-price"><span>2</span><span>,49 zł</span></span>
- lowest-30-day-price: <span data-testid="product-price" class="styles-module_strike--3Okb2  styles-module_xxxSmall--DH55z styles-module_price--9IDpJ">3<span class="styles-module_price--9IDpJ">,29</span> <span>zł</span></span>
- badge: w tym przypadku produkt nie ma badge ale analogicznie jak w innych produktach na tej stronie warto monitorować przy nowo pojawiających się produktach czy jest badge.
5. Produkt 4
- foto: <img loading="eager" src="https://pro-fra-s3-productsassets.rossmann.pl/product_1_small/122952_338_190_1727384163.webp" alt="ISANA Herbal ,szampon do włosów normalnych i przetłuszczających się,przód" data-testid="product-image">
- name: <div title="ISANA Herbal " class="DescriptionSection-module_brand--+Edq7 DescriptionSection-module_brandSmall--J0DP7" data-testid="product-brand"><strong class="DescriptionSection-module_strongSmall--8u2H2">ISANA Herbal </strong></div>
- description: <div title="szampon do włosów normalnych i przetłuszczających się" class="DescriptionSection-module_caption--t+QTb DescriptionSection-module_captionSmall--ClR1Q" data-testid="product-caption">szampon do włosów normalnych i przetłuszczających się</div>
- price: <span class="PriceSection-module_price--I18Do PriceSection-module_priceSmall--UhUP0 PriceSection-module_pricePromotion--4NEgk" data-testid="product-price"><span>3</span><span>,99 zł</span></span>
- lowest-30-day-price: <span data-testid="product-price" class="styles-module_strike--3Okb2  styles-module_xxxSmall--DH55z styles-module_price--9IDpJ">6<span class="styles-module_price--9IDpJ">,39</span> <span>zł</span></span>
- badge: <span class="styles-module_badge--ptqlS styles-module_mega--gSaUd "><span>MEGA!</span></span>

Sekcja 3 (baner graficzny):
<img alt="„Łap wspomnienia z wakacji” – baner drogerii online z promocją na fotoprodukty; osoba fotografuje plażę smartfonem." loading="lazy" src="https://pro-fra-s3-dashboards.rossmann.pl/17f0bb30-3360-4e12-b6f6-424aa4e0c6f7.png" fetchpriority="auto">

Sekcja 4 (analogicznie pola do sekcji 2. brakuje tu headera sekcji i subheafera ale należy monitorować, czy w przyszłości w tym miejscu mogą się pojawić):
<section class="layout-2024 py-3 py-6:lg overflow-hidden HvisStyles-module_containerHvisMode--hRo5h" style="background: linear-gradient(to bottom right, var(--beige-0), var(--beige-0));"><section class="relative Container-module_container--NRjJ9"><section class="flex flex-column g-2 text-medium:md hidden:lg mb-3"><div class="flex content-end items-baseline items-start:md g-2"><h2 class="text-medium lead-small:md lead-medium:lg strong flex-fill m-0"></h2></div><div></div></section><div class="ui-row"><div class="column-4:md mb-n10 mb-0:md relative"><a href="https://www.rossmann.pl/inspiracja/zlap-fale-z-neboa-x-rossmann-naturalna-pielegnacja-i-letni-chill-nad-baltykiem,3786"><picture class="rounded:md overflow-hidden block aspect-6by7 aspect-16by25:md mx-n3 mx-0:md"><source media="(max-width: 720px)" srcset="https://pro-fra-s3-dashboards.rossmann.pl/3a6af156-f3f1-4be9-be57-b9f4737475bc.jpg"><img alt="Baner konkursowy Neboa i Rossmann z hasłem „Kup 2 produkty, zachowaj paragon i wygraj kampera marzeń”, z widocznymi kosmetykami Neboa i grafiką kampera." loading="lazy" src="https://pro-fra-s3-dashboards.rossmann.pl/62df81ed-4469-45d4-8437-ccc7c5e37a7e.jpg" fetchpriority="auto"></picture></a></div><div class="column-8:md mt-n10 mt-0:md"><section class="flex flex-column g-2 text-medium:md hidden flex:lg mb-4"><div class="flex content-end items-baseline items-start:md g-2"><h2 class="text-medium lead-small:md lead-medium:lg strong flex-fill m-0"></h2></div><div></div></section><div class="flex flex-column"><div class="swiper swiper-initialized swiper-horizontal pl-3 pr-4 pr-3:md mx-n3 swiper-backface-hidden"><div class="swiper-wrapper" style="transform: translate3d(0px, 0px, 0px);"><div class="swiper-slide swiper-slide-active ProductSlider-module_slideWithImage--jP2ra mb-4" style="margin-right: 16px;"><div class="ProductTile-module_tile--yFwR2 ProductTile-module_small--bAwXa ProductTile-module_round--R0J7y ProductTile-module_bt--7Rs6T ProductTile-module_br--DiNim ProductTile-module_bb--6rqC2 ProductTile-module_bl--VrBPG " data-testid="product-container"><section><div><div class="HeaderSection-module_headerSection--0ATl3"><div class="HeaderSection-module_badgesSection--2J8Ry"><span class="styles-module_badge--ptqlS styles-module_rossmann--AbYWx "><span>TYLKO U NAS</span></span></div><button aria-label="Dodaj do ulubionych" data-testid="product-add-to-favorites-button" class="HeaderSection-module_favoritesBtn--AtrEF snrs-add-to-fav" data-sku="2105401"><svg class="icon HeaderSection-module_icon--izXrZ " width="22" height="20" viewBox="0 0 22 20" fill="none" xmlns="http://www.w3.org/2000/svg"><path d="M11.0002 19L2.47741 9.85496C1.72993 9.09105 1.23535 8.09895 1.06538 7.02248C0.89541 5.94601 1.05887 4.84111 1.53207 3.86794C1.89665 3.13055 2.42251 2.4928 3.0672 2.00617C3.7119 1.51954 4.45737 1.19766 5.24344 1.06652C6.02951 0.935373 6.83416 0.998637 7.59245 1.2512C8.35073 1.50376 9.04141 1.93855 9.60872 2.52047L11.0002 3.84257L12.3917 2.52047C12.9591 1.93874 13.6498 1.50411 14.408 1.25166C15.1663 0.999207 15.9708 0.935998 16.7569 1.06713C17.5429 1.19827 18.2883 1.52007 18.933 2.00658C19.5777 2.4931 20.1036 3.13069 20.4683 3.86794C20.9412 4.84117 21.1046 5.94601 20.9346 7.02241C20.7646 8.09882 20.2702 9.0909 19.523 9.85496L11.0002 19Z" stroke="currentColor" stroke-width="1.5" stroke-linecap="round" stroke-linejoin="round"></path></svg></button></div></div><div class="ProductTile-module_imageSection--4dy3j"><div class="ImageSection-module_imageSection--JW6B4 ImageSection-module_imageSectionSmall--wtsuO  "><a href="/Produkt/Minikosmetyki/Neboa-Hydration-Smoothness-szampon-do-wlosow-nawilzajaco-wygladzajacy-100-ml,2105401,19247"><img loading="lazy" src="https://pro-fra-s3-productsassets.rossmann.pl/product_7_small/2105401_338_190_1744360240.webp" alt="NEBOA Hydration &amp; Smoothness ,szampon do włosów, nawilżająco-wygładzający,kompozycja-2" data-testid="product-image"></a><div class="ImageSection-module_cmpInfoWrapper---gDf+"></div></div></div><div><a href="/Produkt/Minikosmetyki/Neboa-Hydration-Smoothness-szampon-do-wlosow-nawilzajaco-wygladzajacy-100-ml,2105401,19247"><div title="NEBOA Hydration &amp; Smoothness " class="DescriptionSection-module_brand--+Edq7 DescriptionSection-module_brandSmall--J0DP7" data-testid="product-brand"><strong class="DescriptionSection-module_strongSmall--8u2H2">NEBOA Hydration &amp; Smoothness </strong></div><div title="szampon do włosów, nawilżająco-wygładzający" class="DescriptionSection-module_caption--t+QTb DescriptionSection-module_captionSmall--ClR1Q" data-testid="product-caption">szampon do włosów, nawilżająco-wygładzający</div><div class="DescriptionSection-module_unitSmall--AyjB0" data-testid="product-unit">100 ml</div></a></div></section><div class="ProductTile-module_priceBox--SIN7O"><section class="w-100 flex flex-column justify-content-between"><div><div class="PriceSection-module_priceSection--eIBii"><div class="PriceSection-module_priceContainer--SxUEN"><div class="PriceSection-module_priceBox--X1xEI" data-testid="product-current-price-wrapper"><span class="PriceSection-module_price--I18Do PriceSection-module_priceSmall--UhUP0 " data-testid="product-price"><span>14</span><span>,99 zł</span></span></div><span class="PriceSection-module_pricePerUnitSmall--GF40k" data-testid="product-price-per-unit">100 ml = 14,99 zł</span></div><div><button aria-label="Dodaj do koszyka" data-testid="product-add-to-basket-button" class="PriceSection-module_cartBtn--LT628 snrs-add-to-cart" data-sku="2105401" data-name="Hydration &amp; Smoothness " data-regular-price="14.99" data-unit-price="100 ml = 14,99 zł" data-link="/Produkt/Minikosmetyki/Neboa-Hydration-Smoothness-szampon-do-wlosow-nawilzajaco-wygladzajacy-100-ml,2105401,19247" data-img-link="https://pro-fra-s3-productsassets.rossmann.pl/product_7_medium/2105401_360_350_1744360240.webp" data-labels="[&quot;TYLKO U NAS&quot;]" data-brand="NEBOA" data-caption="szampon do włosów, nawilżająco-wygładzający" data-unit="100 ml"><svg class="ui-icon " stroke-width="1.8" width="16" height="16" viewBox="0 0 24 24" preserveAspectRatio="" fill="none" stroke="currentColor" stroke-linecap="round" stroke-linejoin="round" overflow="visible"><path d="M3.5 9.47656L6.5 3.47656"></path><path d="M20.5 9.47656L17.5 3.47656"></path><path d="M21.5 12.4766H2.5L4.2 20.9836C4.30662 21.4208 4.56062 21.808 4.91924 22.0799C5.27786 22.3518 5.7192 22.4919 6.169 22.4766H17.831C18.2808 22.4919 18.7221 22.3518 19.0808 22.0799C19.4394 21.808 19.6934 21.4208 19.8 20.9836L21.5 12.4766Z"></path><path d="M21.5 9.47656H2.5C1.94772 9.47656 1.5 9.92428 1.5 10.4766V11.4766C1.5 12.0288 1.94772 12.4766 2.5 12.4766H21.5C22.0523 12.4766 22.5 12.0288 22.5 11.4766V10.4766C22.5 9.92428 22.0523 9.47656 21.5 9.47656Z"></path><path d="M12 15.4766V18.9766"></path><path d="M16.5 15.4766L16 18.9766"></path><path d="M7.5 15.4766L8 18.9766"></path></svg></button></div></div></div><div class="AvailabilitySection-module_section--IibdL AvailabilitySection-module_sectionRound--7ZN6d"><div class="AvailabilitySection-module_record--sV0gc"><div class="AvailabilitySection-module_icon--FClji AvailabilitySection-module_iconHigh--A0P1q"><svg class="ui-icon AvailabilitySection-module_iconCheck--68pbU" stroke-width="1.2" width=" 24" height="24" viewBox="0 0 24 24" preserveAspectRatio="" fill="none" stroke="currentColor" stroke-linecap="round" stroke-linejoin="round" overflow="visible"><path d="M12.6667 4.30981L5.97106 13.6431L3.33337 11.0055"></path></svg></div><div class="AvailabilitySection-module_text--zxru7 AvailabilitySection-module_textSmall--n1xcJ">Dostępny online</div></div><div class="AvailabilitySection-module_record--sV0gc"><div class="AvailabilitySection-module_icon--FClji AvailabilitySection-module_iconMedium--KUbf2"><svg class="ui-icon AvailabilitySection-module_iconExclamation--udHHV" stroke-width="1.2" width=" 24" height="24" viewBox="0 0 24 24" preserveAspectRatio="" fill="none" stroke="currentColor" stroke-linecap="round" stroke-linejoin="round" overflow="visible"><path d="M12 13V7" stroke="none"></path><path d="M11.9912 16.005C11.9585 16.0055 11.9262 16.0126 11.8963 16.0257C11.8664 16.0389 11.8394 16.0579 11.8169 16.0817C11.7945 16.1055 11.777 16.1335 11.7655 16.1641C11.7541 16.1947 11.7489 16.2273 11.7502 16.26C11.7525 16.3256 11.7802 16.3878 11.8273 16.4335C11.8745 16.4792 11.9375 16.5048 12.0032 16.505C12.0359 16.5044 12.0681 16.4972 12.0979 16.484C12.1278 16.4708 12.1547 16.4518 12.1772 16.428C12.1996 16.4043 12.2171 16.3763 12.2286 16.3458C12.2401 16.3152 12.2454 16.2826 12.2442 16.25C12.2422 16.1858 12.2159 16.1248 12.1706 16.0793C12.1253 16.0338 12.0644 16.0073 12.0002 16.005H11.9952" stroke="none"></path></svg></div><button class="AvailabilitySection-module_text--zxru7 AvailabilitySection-module_shopText--7jdjN AvailabilitySection-module_textSmall--n1xcJ">Sprawdź dostępność w drogerii</button></div></div></section></div></div></div><div class="swiper-slide swiper-slide-next ProductSlider-module_slideWithImage--jP2ra mb-4" style="margin-right: 16px;"><div class="ProductTile-module_tile--yFwR2 ProductTile-module_small--bAwXa ProductTile-module_round--R0J7y ProductTile-module_bt--7Rs6T ProductTile-module_br--DiNim ProductTile-module_bb--6rqC2 ProductTile-module_bl--VrBPG " data-testid="product-container"><section><div><div class="HeaderSection-module_headerSection--0ATl3"><div class="HeaderSection-module_badgesSection--2J8Ry"><span class="styles-module_badge--ptqlS styles-module_mega--gSaUd "><span>MEGA!</span></span></div><button aria-label="Dodaj do ulubionych" data-testid="product-add-to-favorites-button" class="HeaderSection-module_favoritesBtn--AtrEF snrs-add-to-fav" data-sku="2105394"><svg class="icon HeaderSection-module_icon--izXrZ " width="22" height="20" viewBox="0 0 22 20" fill="none" xmlns="http://www.w3.org/2000/svg"><path d="M11.0002 19L2.47741 9.85496C1.72993 9.09105 1.23535 8.09895 1.06538 7.02248C0.89541 5.94601 1.05887 4.84111 1.53207 3.86794C1.89665 3.13055 2.42251 2.4928 3.0672 2.00617C3.7119 1.51954 4.45737 1.19766 5.24344 1.06652C6.02951 0.935373 6.83416 0.998637 7.59245 1.2512C8.35073 1.50376 9.04141 1.93855 9.60872 2.52047L11.0002 3.84257L12.3917 2.52047C12.9591 1.93874 13.6498 1.50411 14.408 1.25166C15.1663 0.999207 15.9708 0.935998 16.7569 1.06713C17.5429 1.19827 18.2883 1.52007 18.933 2.00658C19.5777 2.4931 20.1036 3.13069 20.4683 3.86794C20.9412 4.84117 21.1046 5.94601 20.9346 7.02241C20.7646 8.09882 20.2702 9.0909 19.523 9.85496L11.0002 19Z" stroke="currentColor" stroke-width="1.5" stroke-linecap="round" stroke-linejoin="round"></path></svg></button></div></div><div class="ProductTile-module_imageSection--4dy3j"><div class="ImageSection-module_imageSection--JW6B4 ImageSection-module_imageSectionSmall--wtsuO  "><a href="/Produkt/Minikosmetyki/Neboa-Glossy-Hair-spray-do-wlosow-wygladzajacy-50-ml,2105394,19247"><img loading="lazy" src="https://pro-fra-s3-productsassets.rossmann.pl/product_7_small/2105394_338_190_1746000705.webp" alt="NEBOA Glossy Hair ,spray do włosów, wygładzający,kompozycja-2" data-testid="product-image"></a><div class="ImageSection-module_cmpInfoWrapper---gDf+"></div></div></div><div><a href="/Produkt/Minikosmetyki/Neboa-Glossy-Hair-spray-do-wlosow-wygladzajacy-50-ml,2105394,19247"><div title="NEBOA Glossy Hair " class="DescriptionSection-module_brand--+Edq7 DescriptionSection-module_brandSmall--J0DP7" data-testid="product-brand"><strong class="DescriptionSection-module_strongSmall--8u2H2">NEBOA Glossy Hair </strong></div><div title="spray do włosów, wygładzający" class="DescriptionSection-module_caption--t+QTb DescriptionSection-module_captionSmall--ClR1Q" data-testid="product-caption">spray do włosów, wygładzający</div><div class="DescriptionSection-module_unitSmall--AyjB0" data-testid="product-unit">50 ml</div></a></div></section><div class="ProductTile-module_priceBox--SIN7O"><section class="w-100 flex flex-column justify-content-between"><div><div class="PriceSection-module_priceSection--eIBii"><div class="PriceSection-module_priceContainer--SxUEN"><div class="PriceSection-module_priceBox--X1xEI" data-testid="product-current-price-wrapper"><span class="PriceSection-module_price--I18Do PriceSection-module_priceSmall--UhUP0 PriceSection-module_pricePromotion--4NEgk" data-testid="product-price"><span>9</span><span>,99 zł</span></span></div><span class="PriceSection-module_pricePerUnitSmall--GF40k" data-testid="product-price-per-unit">100 ml = 19,98 zł</span></div><div><button aria-label="Dodaj do koszyka" data-testid="product-add-to-basket-button" class="PriceSection-module_cartBtn--LT628 snrs-add-to-cart" data-sku="2105394" data-name="Glossy Hair " data-regular-price="15.99" data-promo-price="9.99" data-omnibus-price="15.99" data-unit-price="100 ml = 19,98 zł" data-link="/Produkt/Minikosmetyki/Neboa-Glossy-Hair-spray-do-wlosow-wygladzajacy-50-ml,2105394,19247" data-img-link="https://pro-fra-s3-productsassets.rossmann.pl/product_7_medium/2105394_360_350_1746000706.webp" data-labels="[&quot;MEGA!&quot;]" data-brand="NEBOA" data-caption="spray do włosów, wygładzający" data-unit="50 ml"><svg class="ui-icon " stroke-width="1.8" width="16" height="16" viewBox="0 0 24 24" preserveAspectRatio="" fill="none" stroke="currentColor" stroke-linecap="round" stroke-linejoin="round" overflow="visible"><path d="M3.5 9.47656L6.5 3.47656"></path><path d="M20.5 9.47656L17.5 3.47656"></path><path d="M21.5 12.4766H2.5L4.2 20.9836C4.30662 21.4208 4.56062 21.808 4.91924 22.0799C5.27786 22.3518 5.7192 22.4919 6.169 22.4766H17.831C18.2808 22.4919 18.7221 22.3518 19.0808 22.0799C19.4394 21.808 19.6934 21.4208 19.8 20.9836L21.5 12.4766Z"></path><path d="M21.5 9.47656H2.5C1.94772 9.47656 1.5 9.92428 1.5 10.4766V11.4766C1.5 12.0288 1.94772 12.4766 2.5 12.4766H21.5C22.0523 12.4766 22.5 12.0288 22.5 11.4766V10.4766C22.5 9.92428 22.0523 9.47656 21.5 9.47656Z"></path><path d="M12 15.4766V18.9766"></path><path d="M16.5 15.4766L16 18.9766"></path><path d="M7.5 15.4766L8 18.9766"></path></svg></button></div></div><div class="PriceDetailSection-module_section--GiX3L" data-testid="product-omnibus"><div class="tile-product__lowest-price"><div class="LowestPrice-module_text--cofnN LowestPrice-module_textSmall--57oJQ"><span>Najniższa cena: </span><span data-testid="lowest-price-in-30-days" class="LowestPrice-module_price--E4qKq ml-1"><span data-testid="product-price" class="styles-module_strike--3Okb2  styles-module_xxxSmall--DH55z styles-module_price--9IDpJ">15<span class="styles-module_price--9IDpJ">,99</span> <span>zł</span></span></span><button aria-label="Najniższa cena z 30 dni przed obniżką" data-state="closed" class="OmnibusTrigger-module_button--G5UaQ"><svg class="ui-icon " stroke-width="1.2" width="16" height="16" viewBox="0 0 24 24" preserveAspectRatio="" fill="none" stroke="currentColor" stroke-linecap="round" stroke-linejoin="round" overflow="visible"><path d="M12 22C17.5228 22 22 17.5228 22 12C22 6.47714 17.5228 2 12 2C6.47715 2 2 6.47714 2 12C2 17.5228 6.47715 22 12 22Z"></path><path d="M14 17H12.6667C12.4309 17 12.2048 16.8946 12.0381 16.7071C11.8715 16.5196 11.7778 16.2652 11.7778 16V10.5C11.7778 10.3674 11.7309 10.2402 11.6476 10.1465C11.5643 10.0527 11.4512 10 11.3333 10H10"></path><path d="M11.7415 7C11.6034 7 11.4915 6.88807 11.4915 6.75C11.4915 6.61193 11.6034 6.5 11.7415 6.5"></path><path d="M11.7415 7C11.8795 7 11.9915 6.88807 11.9915 6.75C11.9915 6.61193 11.8795 6.5 11.7415 6.5"></path></svg></button></div></div></div></div><div class="AvailabilitySection-module_section--IibdL AvailabilitySection-module_sectionRound--7ZN6d"><div class="AvailabilitySection-module_record--sV0gc"><div class="AvailabilitySection-module_icon--FClji AvailabilitySection-module_iconHigh--A0P1q"><svg class="ui-icon AvailabilitySection-module_iconCheck--68pbU" stroke-width="1.2" width=" 24" height="24" viewBox="0 0 24 24" preserveAspectRatio="" fill="none" stroke="currentColor" stroke-linecap="round" stroke-linejoin="round" overflow="visible"><path d="M12.6667 4.30981L5.97106 13.6431L3.33337 11.0055"></path></svg></div><div class="AvailabilitySection-module_text--zxru7 AvailabilitySection-module_textSmall--n1xcJ">Dostępny online</div></div><div class="AvailabilitySection-module_record--sV0gc"><div class="AvailabilitySection-module_icon--FClji AvailabilitySection-module_iconMedium--KUbf2"><svg class="ui-icon AvailabilitySection-module_iconExclamation--udHHV" stroke-width="1.2" width=" 24" height="24" viewBox="0 0 24 24" preserveAspectRatio="" fill="none" stroke="currentColor" stroke-linecap="round" stroke-linejoin="round" overflow="visible"><path d="M12 13V7" stroke="none"></path><path d="M11.9912 16.005C11.9585 16.0055 11.9262 16.0126 11.8963 16.0257C11.8664 16.0389 11.8394 16.0579 11.8169 16.0817C11.7945 16.1055 11.777 16.1335 11.7655 16.1641C11.7541 16.1947 11.7489 16.2273 11.7502 16.26C11.7525 16.3256 11.7802 16.3878 11.8273 16.4335C11.8745 16.4792 11.9375 16.5048 12.0032 16.505C12.0359 16.5044 12.0681 16.4972 12.0979 16.484C12.1278 16.4708 12.1547 16.4518 12.1772 16.428C12.1996 16.4043 12.2171 16.3763 12.2286 16.3458C12.2401 16.3152 12.2454 16.2826 12.2442 16.25C12.2422 16.1858 12.2159 16.1248 12.1706 16.0793C12.1253 16.0338 12.0644 16.0073 12.0002 16.005H11.9952" stroke="none"></path></svg></div><button class="AvailabilitySection-module_text--zxru7 AvailabilitySection-module_shopText--7jdjN AvailabilitySection-module_textSmall--n1xcJ">Sprawdź dostępność w drogerii</button></div></div></section></div></div></div><div class="swiper-slide ProductSlider-module_slideWithImage--jP2ra mb-4" style="margin-right: 16px;"><div class="ProductTile-module_tile--yFwR2 ProductTile-module_small--bAwXa ProductTile-module_round--R0J7y ProductTile-module_bt--7Rs6T ProductTile-module_br--DiNim ProductTile-module_bb--6rqC2 ProductTile-module_bl--VrBPG " data-testid="product-container"><section><div><div class="HeaderSection-module_headerSection--0ATl3"><div class="HeaderSection-module_badgesSection--2J8Ry"><span class="styles-module_badge--ptqlS styles-module_rossmann--AbYWx "><span>TYLKO U NAS</span></span></div><button aria-label="Dodaj do ulubionych" data-testid="product-add-to-favorites-button" class="HeaderSection-module_favoritesBtn--AtrEF snrs-add-to-fav" data-sku="2106227"><svg class="icon HeaderSection-module_icon--izXrZ " width="22" height="20" viewBox="0 0 22 20" fill="none" xmlns="http://www.w3.org/2000/svg"><path d="M11.0002 19L2.47741 9.85496C1.72993 9.09105 1.23535 8.09895 1.06538 7.02248C0.89541 5.94601 1.05887 4.84111 1.53207 3.86794C1.89665 3.13055 2.42251 2.4928 3.0672 2.00617C3.7119 1.51954 4.45737 1.19766 5.24344 1.06652C6.02951 0.935373 6.83416 0.998637 7.59245 1.2512C8.35073 1.50376 9.04141 1.93855 9.60872 2.52047L11.0002 3.84257L12.3917 2.52047C12.9591 1.93874 13.6498 1.50411 14.408 1.25166C15.1663 0.999207 15.9708 0.935998 16.7569 1.06713C17.5429 1.19827 18.2883 1.52007 18.933 2.00658C19.5777 2.4931 20.1036 3.13069 20.4683 3.86794C20.9412 4.84117 21.1046 5.94601 20.9346 7.02241C20.7646 8.09882 20.2702 9.0909 19.523 9.85496L11.0002 19Z" stroke="currentColor" stroke-width="1.5" stroke-linecap="round" stroke-linejoin="round"></path></svg></button></div></div><div class="ProductTile-module_imageSection--4dy3j"><div class="ImageSection-module_imageSection--JW6B4 ImageSection-module_imageSectionSmall--wtsuO  "><a href="/Produkt/Minikosmetyki/Neboa-Strong-Scalp-wcierka-do-skory-glowy-zageszczenie-i-porost-wlosow-50-ml,2106227,19247"><img loading="lazy" src="https://pro-fra-s3-productsassets.rossmann.pl/product_7_small/2106227_338_190_1746002036.webp" alt="NEBOA Strong Scalp ,wcierka do skóry głowy, zagęszczenie i porost włosów,kompozycja-2" data-testid="product-image"></a><div class="ImageSection-module_cmpInfoWrapper---gDf+"></div></div></div><div><a href="/Produkt/Minikosmetyki/Neboa-Strong-Scalp-wcierka-do-skory-glowy-zageszczenie-i-porost-wlosow-50-ml,2106227,19247"><div title="NEBOA Strong Scalp " class="DescriptionSection-module_brand--+Edq7 DescriptionSection-module_brandSmall--J0DP7" data-testid="product-brand"><strong class="DescriptionSection-module_strongSmall--8u2H2">NEBOA Strong Scalp </strong></div><div title="wcierka do skóry głowy, zagęszczenie i porost włosów" class="DescriptionSection-module_caption--t+QTb DescriptionSection-module_captionSmall--ClR1Q" data-testid="product-caption">wcierka do skóry głowy, zagęszczenie i porost włosów</div><div class="DescriptionSection-module_unitSmall--AyjB0" data-testid="product-unit">50 ml</div></a></div></section><div class="ProductTile-module_priceBox--SIN7O"><section class="w-100 flex flex-column justify-content-between"><div><div class="PriceSection-module_priceSection--eIBii"><div class="PriceSection-module_priceContainer--SxUEN"><div class="PriceSection-module_priceBox--X1xEI" data-testid="product-current-price-wrapper"><span class="PriceSection-module_price--I18Do PriceSection-module_priceSmall--UhUP0 " data-testid="product-price"><span>14</span><span>,99 zł</span></span></div><span class="PriceSection-module_pricePerUnitSmall--GF40k" data-testid="product-price-per-unit">100 ml = 29,98 zł</span></div><div><button aria-label="Dodaj do koszyka" data-testid="product-add-to-basket-button" class="PriceSection-module_cartBtn--LT628 snrs-add-to-cart" data-sku="2106227" data-name="Strong Scalp " data-regular-price="14.99" data-unit-price="100 ml = 29,98 zł" data-link="/Produkt/Minikosmetyki/Neboa-Strong-Scalp-wcierka-do-skory-glowy-zageszczenie-i-porost-wlosow-50-ml,2106227,19247" data-img-link="https://pro-fra-s3-productsassets.rossmann.pl/product_7_medium/2106227_360_350_1746002037.webp" data-labels="[&quot;TYLKO U NAS&quot;]" data-brand="NEBOA" data-caption="wcierka do skóry głowy, zagęszczenie i porost włosów" data-unit="50 ml"><svg class="ui-icon " stroke-width="1.8" width="16" height="16" viewBox="0 0 24 24" preserveAspectRatio="" fill="none" stroke="currentColor" stroke-linecap="round" stroke-linejoin="round" overflow="visible"><path d="M3.5 9.47656L6.5 3.47656"></path><path d="M20.5 9.47656L17.5 3.47656"></path><path d="M21.5 12.4766H2.5L4.2 20.9836C4.30662 21.4208 4.56062 21.808 4.91924 22.0799C5.27786 22.3518 5.7192 22.4919 6.169 22.4766H17.831C18.2808 22.4919 18.7221 22.3518 19.0808 22.0799C19.4394 21.808 19.6934 21.4208 19.8 20.9836L21.5 12.4766Z"></path><path d="M21.5 9.47656H2.5C1.94772 9.47656 1.5 9.92428 1.5 10.4766V11.4766C1.5 12.0288 1.94772 12.4766 2.5 12.4766H21.5C22.0523 12.4766 22.5 12.0288 22.5 11.4766V10.4766C22.5 9.92428 22.0523 9.47656 21.5 9.47656Z"></path><path d="M12 15.4766V18.9766"></path><path d="M16.5 15.4766L16 18.9766"></path><path d="M7.5 15.4766L8 18.9766"></path></svg></button></div></div></div><div class="AvailabilitySection-module_section--IibdL AvailabilitySection-module_sectionRound--7ZN6d"><div class="AvailabilitySection-module_record--sV0gc"><div class="AvailabilitySection-module_icon--FClji AvailabilitySection-module_iconHigh--A0P1q"><svg class="ui-icon AvailabilitySection-module_iconCheck--68pbU" stroke-width="1.2" width=" 24" height="24" viewBox="0 0 24 24" preserveAspectRatio="" fill="none" stroke="currentColor" stroke-linecap="round" stroke-linejoin="round" overflow="visible"><path d="M12.6667 4.30981L5.97106 13.6431L3.33337 11.0055"></path></svg></div><div class="AvailabilitySection-module_text--zxru7 AvailabilitySection-module_textSmall--n1xcJ">Dostępny online</div></div><div class="AvailabilitySection-module_record--sV0gc"><div class="AvailabilitySection-module_icon--FClji AvailabilitySection-module_iconMedium--KUbf2"><svg class="ui-icon AvailabilitySection-module_iconExclamation--udHHV" stroke-width="1.2" width=" 24" height="24" viewBox="0 0 24 24" preserveAspectRatio="" fill="none" stroke="currentColor" stroke-linecap="round" stroke-linejoin="round" overflow="visible"><path d="M12 13V7" stroke="none"></path><path d="M11.9912 16.005C11.9585 16.0055 11.9262 16.0126 11.8963 16.0257C11.8664 16.0389 11.8394 16.0579 11.8169 16.0817C11.7945 16.1055 11.777 16.1335 11.7655 16.1641C11.7541 16.1947 11.7489 16.2273 11.7502 16.26C11.7525 16.3256 11.7802 16.3878 11.8273 16.4335C11.8745 16.4792 11.9375 16.5048 12.0032 16.505C12.0359 16.5044 12.0681 16.4972 12.0979 16.484C12.1278 16.4708 12.1547 16.4518 12.1772 16.428C12.1996 16.4043 12.2171 16.3763 12.2286 16.3458C12.2401 16.3152 12.2454 16.2826 12.2442 16.25C12.2422 16.1858 12.2159 16.1248 12.1706 16.0793C12.1253 16.0338 12.0644 16.0073 12.0002 16.005H11.9952" stroke="none"></path></svg></div><button class="AvailabilitySection-module_text--zxru7 AvailabilitySection-module_shopText--7jdjN AvailabilitySection-module_textSmall--n1xcJ">Sprawdź dostępność w drogerii</button></div></div></section></div></div></div></div></div><section class="hidden flex:md place-self-end mb-1 mr-3 g-3 SwiperNavigation-module_navigation--vkoIZ  g-3"><button class="SwiperNavigation-module_button--GUJNY Button-module_button--6GOIQ Button-module_large--xQ8J+ Button-module_icon--MEzGO Button-module_secondary--KXMX3 swiper-button-disabled" id="prev_aa8e7d73-ec7c-41a0-88d8-5a10c4565fee" aria-label="Poprzedni slajd" disabled=""><svg class="ui-icon " stroke-width="1.2" width=" 24" height="24" viewBox="0 0 24 24" preserveAspectRatio="" fill="none" stroke="currentColor" stroke-linecap="round" stroke-linejoin="round" overflow="visible"><path d="M4 12H20M4 12C4 11.8968 4.02268 11.7941 4.06652 11.7C4.11037 11.606 4.17438 11.5221 4.25431 11.4538L13 4M4 12C4 12.1032 4.02268 12.2045 4.06652 12.2985C4.11037 12.3925 4.17438 12.4765 4.25431 12.5447L13 20"></path></svg></button><button class="SwiperNavigation-module_button--GUJNY Button-module_button--6GOIQ Button-module_large--xQ8J+ Button-module_icon--MEzGO Button-module_secondary--KXMX3" id="next_aa8e7d73-ec7c-41a0-88d8-5a10c4565fee" aria-label="Następny slajd"><svg class="ui-icon " stroke-width="1.2" width=" 24" height="24" viewBox="0 0 24 24" preserveAspectRatio="" fill="none" stroke="currentColor" stroke-linecap="round" stroke-linejoin="round" overflow="visible"><path d="M20 12L4 12M20 12C20 12.1032 19.9773 12.2059 19.9335 12.3C19.8896 12.394 19.8256 12.4779 19.7457 12.5462L11 20M20 12C20 11.8968 19.9773 11.7955 19.9335 11.7015C19.8896 11.6075 19.8256 11.5235 19.7457 11.4553L11 4"></path></svg></button></section></div></div></div></section></section>

Sekcja 5 (Analogicznie do sekcji 2):
<section class="layout-2024 py-3 py-6:lg overflow-hidden HvisStyles-module_containerHvisMode--hRo5h"><section class="Container-module_container--NRjJ9"><section class="flex items-baseline content-between pb-1 pb-3:lg"><div><a href="https://www.rossmann.pl/produkty?Statuses=onlyOnline"><h2 class="SectionTitle-module_title--Y6ljG strong py-1 m-0">Odkryj ofertę Tylko Online</h2></a></div><a class="nowrap Button-module_button--6GOIQ px-0" href="https://www.rossmann.pl/produkty?Statuses=onlyOnline">Odkrywam <svg class="ui-icon " stroke-width="1.2" width=" 24" height="24" viewBox="0 0 24 24" preserveAspectRatio="" fill="none" stroke="currentColor" stroke-linecap="round" stroke-linejoin="round" overflow="visible"><path d="M9 18L14.9208 12.1951C14.9457 12.1707 14.9657 12.1406 14.9793 12.107C14.9929 12.0733 15 12.0369 15 12C15 11.9631 14.9929 11.9267 14.9793 11.893C14.9657 11.8594 14.9457 11.8293 14.9208 11.8049L9 6"></path></svg></a></section><div class="flex flex-column"><div class="swiper swiper-initialized swiper-horizontal pl-3 pr-4 pr-3:md mx-n3"><div class="swiper-wrapper" style="transform: translate3d(0px, 0px, 0px);"><div class="swiper-slide swiper-slide-active ProductSlider-module_slide--q59i6 mb-4" style="margin-right: 16px;"><div class="ProductTile-module_tile--yFwR2 ProductTile-module_small--bAwXa ProductTile-module_round--R0J7y ProductTile-module_bt--7Rs6T ProductTile-module_br--DiNim ProductTile-module_bb--6rqC2 ProductTile-module_bl--VrBPG " data-testid="product-container"><section><div><div class="HeaderSection-module_headerSection--0ATl3"><div class="HeaderSection-module_badgesSection--2J8Ry"><span class="styles-module_badge--ptqlS  "><span>TYLKO ONLINE</span></span></div><button aria-label="Dodaj do ulubionych" data-testid="product-add-to-favorites-button" class="HeaderSection-module_favoritesBtn--AtrEF snrs-add-to-fav" data-sku="2107840"><svg class="icon HeaderSection-module_icon--izXrZ " width="22" height="20" viewBox="0 0 22 20" fill="none" xmlns="http://www.w3.org/2000/svg"><path d="M11.0002 19L2.47741 9.85496C1.72993 9.09105 1.23535 8.09895 1.06538 7.02248C0.89541 5.94601 1.05887 4.84111 1.53207 3.86794C1.89665 3.13055 2.42251 2.4928 3.0672 2.00617C3.7119 1.51954 4.45737 1.19766 5.24344 1.06652C6.02951 0.935373 6.83416 0.998637 7.59245 1.2512C8.35073 1.50376 9.04141 1.93855 9.60872 2.52047L11.0002 3.84257L12.3917 2.52047C12.9591 1.93874 13.6498 1.50411 14.408 1.25166C15.1663 0.999207 15.9708 0.935998 16.7569 1.06713C17.5429 1.19827 18.2883 1.52007 18.933 2.00658C19.5777 2.4931 20.1036 3.13069 20.4683 3.86794C20.9412 4.84117 21.1046 5.94601 20.9346 7.02241C20.7646 8.09882 20.2702 9.0909 19.523 9.85496L11.0002 19Z" stroke="currentColor" stroke-width="1.5" stroke-linecap="round" stroke-linejoin="round"></path></svg></button></div></div><div class="ProductTile-module_imageSection--4dy3j"><div class="ImageSection-module_imageSection--JW6B4 ImageSection-module_imageSectionSmall--wtsuO  "><a href="/Produkt/Maseczki/Biodance-Bio-Collagen-Real-Deep-maska-w-plachcie-kolagenowa-ujedrniajaca-na-noc-1-szt,2107840,13053"><img loading="lazy" src="https://pro-fra-s3-productsassets.rossmann.pl/product_1_small/2107840_338_190_1742828684.webp" alt="BIODANCE Bio Collagen-Real Deep ,maska w płachcie, kolagenowa, ujędrniająca, na noc,przód" data-testid="product-image"></a><div class="ImageSection-module_cmpInfoWrapper---gDf+"></div></div></div><div><a href="/Produkt/Maseczki/Biodance-Bio-Collagen-Real-Deep-maska-w-plachcie-kolagenowa-ujedrniajaca-na-noc-1-szt,2107840,13053"><div title="BIODANCE Bio Collagen-Real Deep " class="DescriptionSection-module_brand--+Edq7 DescriptionSection-module_brandSmall--J0DP7" data-testid="product-brand"><strong class="DescriptionSection-module_strongSmall--8u2H2">BIODANCE Bio Collagen-Real Deep </strong></div><div title="maska w płachcie, kolagenowa, ujędrniająca, na noc" class="DescriptionSection-module_caption--t+QTb DescriptionSection-module_captionSmall--ClR1Q" data-testid="product-caption">maska w płachcie, kolagenowa, ujędrniająca, na noc</div><div class="DescriptionSection-module_unitSmall--AyjB0" data-testid="product-unit">1 szt.</div></a></div></section><div class="ProductTile-module_priceBox--SIN7O"><section class="w-100 flex flex-column justify-content-between"><div><div class="PriceSection-module_priceSection--eIBii"><div class="PriceSection-module_priceContainer--SxUEN"><div class="PriceSection-module_priceBox--X1xEI" data-testid="product-current-price-wrapper"><span class="PriceSection-module_price--I18Do PriceSection-module_priceSmall--UhUP0 " data-testid="product-price"><span>19</span><span>,99 zł</span></span></div><span class="PriceSection-module_pricePerUnitSmall--GF40k" data-testid="product-price-per-unit">1 szt. = 19,99 zł</span></div><div><button aria-label="Dodaj do koszyka" data-testid="product-add-to-basket-button" class="PriceSection-module_cartBtn--LT628 snrs-add-to-cart" data-sku="2107840" data-name="Bio Collagen-Real Deep " data-regular-price="19.99" data-unit-price="1 szt. = 19,99 zł" data-link="/Produkt/Maseczki/Biodance-Bio-Collagen-Real-Deep-maska-w-plachcie-kolagenowa-ujedrniajaca-na-noc-1-szt,2107840,13053" data-img-link="https://pro-fra-s3-productsassets.rossmann.pl/product_1_medium/2107840_360_350_1742828685.webp" data-labels="[&quot;TYLKO ONLINE&quot;]" data-brand="BIODANCE" data-caption="maska w płachcie, kolagenowa, ujędrniająca, na noc" data-unit="1 szt."><svg class="ui-icon " stroke-width="1.8" width="16" height="16" viewBox="0 0 24 24" preserveAspectRatio="" fill="none" stroke="currentColor" stroke-linecap="round" stroke-linejoin="round" overflow="visible"><path d="M3.5 9.47656L6.5 3.47656"></path><path d="M20.5 9.47656L17.5 3.47656"></path><path d="M21.5 12.4766H2.5L4.2 20.9836C4.30662 21.4208 4.56062 21.808 4.91924 22.0799C5.27786 22.3518 5.7192 22.4919 6.169 22.4766H17.831C18.2808 22.4919 18.7221 22.3518 19.0808 22.0799C19.4394 21.808 19.6934 21.4208 19.8 20.9836L21.5 12.4766Z"></path><path d="M21.5 9.47656H2.5C1.94772 9.47656 1.5 9.92428 1.5 10.4766V11.4766C1.5 12.0288 1.94772 12.4766 2.5 12.4766H21.5C22.0523 12.4766 22.5 12.0288 22.5 11.4766V10.4766C22.5 9.92428 22.0523 9.47656 21.5 9.47656Z"></path><path d="M12 15.4766V18.9766"></path><path d="M16.5 15.4766L16 18.9766"></path><path d="M7.5 15.4766L8 18.9766"></path></svg></button></div></div></div><div class="AvailabilitySection-module_section--IibdL AvailabilitySection-module_sectionRound--7ZN6d"><div class="AvailabilitySection-module_record--sV0gc"><div class="AvailabilitySection-module_icon--FClji AvailabilitySection-module_iconHigh--A0P1q"><svg class="ui-icon AvailabilitySection-module_iconCheck--68pbU" stroke-width="1.2" width=" 24" height="24" viewBox="0 0 24 24" preserveAspectRatio="" fill="none" stroke="currentColor" stroke-linecap="round" stroke-linejoin="round" overflow="visible"><path d="M12.6667 4.30981L5.97106 13.6431L3.33337 11.0055"></path></svg></div><div class="AvailabilitySection-module_text--zxru7 AvailabilitySection-module_textSmall--n1xcJ">Dostępny tylko online</div></div></div></section></div></div></div><div class="swiper-slide swiper-slide-next ProductSlider-module_slide--q59i6 mb-4" style="margin-right: 16px;"><div class="ProductTile-module_tile--yFwR2 ProductTile-module_small--bAwXa ProductTile-module_round--R0J7y ProductTile-module_bt--7Rs6T ProductTile-module_br--DiNim ProductTile-module_bb--6rqC2 ProductTile-module_bl--VrBPG " data-testid="product-container"><section><div><div class="HeaderSection-module_headerSection--0ATl3"><div class="HeaderSection-module_badgesSection--2J8Ry"><span class="styles-module_badge--ptqlS  "><span>TYLKO ONLINE</span></span></div><button aria-label="Dodaj do ulubionych" data-testid="product-add-to-favorites-button" class="HeaderSection-module_favoritesBtn--AtrEF snrs-add-to-fav" data-sku="2108072"><svg class="icon HeaderSection-module_icon--izXrZ " width="22" height="20" viewBox="0 0 22 20" fill="none" xmlns="http://www.w3.org/2000/svg"><path d="M11.0002 19L2.47741 9.85496C1.72993 9.09105 1.23535 8.09895 1.06538 7.02248C0.89541 5.94601 1.05887 4.84111 1.53207 3.86794C1.89665 3.13055 2.42251 2.4928 3.0672 2.00617C3.7119 1.51954 4.45737 1.19766 5.24344 1.06652C6.02951 0.935373 6.83416 0.998637 7.59245 1.2512C8.35073 1.50376 9.04141 1.93855 9.60872 2.52047L11.0002 3.84257L12.3917 2.52047C12.9591 1.93874 13.6498 1.50411 14.408 1.25166C15.1663 0.999207 15.9708 0.935998 16.7569 1.06713C17.5429 1.19827 18.2883 1.52007 18.933 2.00658C19.5777 2.4931 20.1036 3.13069 20.4683 3.86794C20.9412 4.84117 21.1046 5.94601 20.9346 7.02241C20.7646 8.09882 20.2702 9.0909 19.523 9.85496L11.0002 19Z" stroke="currentColor" stroke-width="1.5" stroke-linecap="round" stroke-linejoin="round"></path></svg></button></div></div><div class="ProductTile-module_imageSection--4dy3j"><div class="ImageSection-module_imageSection--JW6B4 ImageSection-module_imageSectionSmall--wtsuO  "><a href="/Produkt/Kremy-do-twarzy/Dr-Althea-345-krem-do-twarzy-regenerujacy-50-ml,2108072,13049"><img loading="lazy" src="https://pro-fra-s3-productsassets.rossmann.pl/product_6_small/2108072_338_190_1746434097.webp" alt="DR. ALTHEA 345 ,krem do twarzy, regenerujący,kompozycja-2" data-testid="product-image"></a><div class="ImageSection-module_cmpInfoWrapper---gDf+"></div></div></div><div><a href="/Produkt/Kremy-do-twarzy/Dr-Althea-345-krem-do-twarzy-regenerujacy-50-ml,2108072,13049"><div title="DR. ALTHEA 345 " class="DescriptionSection-module_brand--+Edq7 DescriptionSection-module_brandSmall--J0DP7" data-testid="product-brand"><strong class="DescriptionSection-module_strongSmall--8u2H2">DR. ALTHEA 345 </strong></div><div title="krem do twarzy, regenerujący" class="DescriptionSection-module_caption--t+QTb DescriptionSection-module_captionSmall--ClR1Q" data-testid="product-caption">krem do twarzy, regenerujący</div><div class="DescriptionSection-module_unitSmall--AyjB0" data-testid="product-unit">50 ml</div></a></div></section><div class="ProductTile-module_priceBox--SIN7O"><section class="w-100 flex flex-column justify-content-between"><div><div class="PriceSection-module_priceSection--eIBii"><div class="PriceSection-module_priceContainer--SxUEN"><div class="PriceSection-module_priceBox--X1xEI" data-testid="product-current-price-wrapper"><span class="PriceSection-module_price--I18Do PriceSection-module_priceSmall--UhUP0 " data-testid="product-price"><span>99</span><span>,99 zł</span></span></div><span class="PriceSection-module_pricePerUnitSmall--GF40k" data-testid="product-price-per-unit">100 ml = 199,98 zł</span></div><div><button aria-label="Dodaj do koszyka" data-testid="product-add-to-basket-button" class="PriceSection-module_cartBtn--LT628 snrs-add-to-cart" data-sku="2108072" data-name="345 " data-regular-price="99.99" data-unit-price="100 ml = 199,98 zł" data-link="/Produkt/Kremy-do-twarzy/Dr-Althea-345-krem-do-twarzy-regenerujacy-50-ml,2108072,13049" data-img-link="https://pro-fra-s3-productsassets.rossmann.pl/product_6_medium/2108072_360_350_1746434097.webp" data-labels="[&quot;TYLKO ONLINE&quot;]" data-brand="DR. ALTHEA" data-caption="krem do twarzy, regenerujący" data-unit="50 ml"><svg class="ui-icon " stroke-width="1.8" width="16" height="16" viewBox="0 0 24 24" preserveAspectRatio="" fill="none" stroke="currentColor" stroke-linecap="round" stroke-linejoin="round" overflow="visible"><path d="M3.5 9.47656L6.5 3.47656"></path><path d="M20.5 9.47656L17.5 3.47656"></path><path d="M21.5 12.4766H2.5L4.2 20.9836C4.30662 21.4208 4.56062 21.808 4.91924 22.0799C5.27786 22.3518 5.7192 22.4919 6.169 22.4766H17.831C18.2808 22.4919 18.7221 22.3518 19.0808 22.0799C19.4394 21.808 19.6934 21.4208 19.8 20.9836L21.5 12.4766Z"></path><path d="M21.5 9.47656H2.5C1.94772 9.47656 1.5 9.92428 1.5 10.4766V11.4766C1.5 12.0288 1.94772 12.4766 2.5 12.4766H21.5C22.0523 12.4766 22.5 12.0288 22.5 11.4766V10.4766C22.5 9.92428 22.0523 9.47656 21.5 9.47656Z"></path><path d="M12 15.4766V18.9766"></path><path d="M16.5 15.4766L16 18.9766"></path><path d="M7.5 15.4766L8 18.9766"></path></svg></button></div></div></div><div class="AvailabilitySection-module_section--IibdL AvailabilitySection-module_sectionRound--7ZN6d"><div class="AvailabilitySection-module_record--sV0gc"><div class="AvailabilitySection-module_icon--FClji AvailabilitySection-module_iconHigh--A0P1q"><svg class="ui-icon AvailabilitySection-module_iconCheck--68pbU" stroke-width="1.2" width=" 24" height="24" viewBox="0 0 24 24" preserveAspectRatio="" fill="none" stroke="currentColor" stroke-linecap="round" stroke-linejoin="round" overflow="visible"><path d="M12.6667 4.30981L5.97106 13.6431L3.33337 11.0055"></path></svg></div><div class="AvailabilitySection-module_text--zxru7 AvailabilitySection-module_textSmall--n1xcJ">Dostępny tylko online</div></div></div></section></div></div></div><div class="swiper-slide ProductSlider-module_slide--q59i6 mb-4" style="margin-right: 16px;"><div class="ProductTile-module_tile--yFwR2 ProductTile-module_small--bAwXa ProductTile-module_round--R0J7y ProductTile-module_bt--7Rs6T ProductTile-module_br--DiNim ProductTile-module_bb--6rqC2 ProductTile-module_bl--VrBPG " data-testid="product-container"><section><div><div class="HeaderSection-module_headerSection--0ATl3"><div class="HeaderSection-module_badgesSection--2J8Ry"><span class="styles-module_badge--ptqlS  "><span>TYLKO ONLINE</span></span></div><button aria-label="Dodaj do ulubionych" data-testid="product-add-to-favorites-button" class="HeaderSection-module_favoritesBtn--AtrEF snrs-add-to-fav" data-sku="2091426"><svg class="icon HeaderSection-module_icon--izXrZ " width="22" height="20" viewBox="0 0 22 20" fill="none" xmlns="http://www.w3.org/2000/svg"><path d="M11.0002 19L2.47741 9.85496C1.72993 9.09105 1.23535 8.09895 1.06538 7.02248C0.89541 5.94601 1.05887 4.84111 1.53207 3.86794C1.89665 3.13055 2.42251 2.4928 3.0672 2.00617C3.7119 1.51954 4.45737 1.19766 5.24344 1.06652C6.02951 0.935373 6.83416 0.998637 7.59245 1.2512C8.35073 1.50376 9.04141 1.93855 9.60872 2.52047L11.0002 3.84257L12.3917 2.52047C12.9591 1.93874 13.6498 1.50411 14.408 1.25166C15.1663 0.999207 15.9708 0.935998 16.7569 1.06713C17.5429 1.19827 18.2883 1.52007 18.933 2.00658C19.5777 2.4931 20.1036 3.13069 20.4683 3.86794C20.9412 4.84117 21.1046 5.94601 20.9346 7.02241C20.7646 8.09882 20.2702 9.0909 19.523 9.85496L11.0002 19Z" stroke="currentColor" stroke-width="1.5" stroke-linecap="round" stroke-linejoin="round"></path></svg></button></div></div><div class="ProductTile-module_imageSection--4dy3j"><div class="ImageSection-module_imageSection--JW6B4 ImageSection-module_imageSectionSmall--wtsuO  "><a href="/Produkt/Tinty/Everybody-London-Peptide-tint-do-ust-Caramel-Latte-10-ml,2091426,20380"><img loading="lazy" src="https://pro-fra-s3-productsassets.rossmann.pl/product_1_small/2091426_338_190_1741339645.webp" alt="EVERYBODY LONDON Peptide ,tint do ust, Caramel Latte,przód" data-testid="product-image"></a><div class="ImageSection-module_cmpInfoWrapper---gDf+"></div></div></div><div><a href="/Produkt/Tinty/Everybody-London-Peptide-tint-do-ust-Caramel-Latte-10-ml,2091426,20380"><div title="EVERYBODY LONDON Peptide " class="DescriptionSection-module_brand--+Edq7 DescriptionSection-module_brandSmall--J0DP7" data-testid="product-brand"><strong class="DescriptionSection-module_strongSmall--8u2H2">EVERYBODY LONDON Peptide </strong></div><div title="tint do ust, Caramel Latte" class="DescriptionSection-module_caption--t+QTb DescriptionSection-module_captionSmall--ClR1Q" data-testid="product-caption">tint do ust, Caramel Latte</div><div class="DescriptionSection-module_unitSmall--AyjB0" data-testid="product-unit">10 ml</div></a></div></section><div class="ProductTile-module_priceBox--SIN7O"><section class="w-100 flex flex-column justify-content-between"><div><div class="PriceSection-module_priceSection--eIBii"><div class="PriceSection-module_priceContainer--SxUEN"><div class="PriceSection-module_priceBox--X1xEI" data-testid="product-current-price-wrapper"><span class="PriceSection-module_price--I18Do PriceSection-module_priceSmall--UhUP0 " data-testid="product-price"><span>24</span><span>,99 zł</span></span></div><span class="PriceSection-module_pricePerUnitSmall--GF40k" data-testid="product-price-per-unit">100 ml = 249,90 zł</span></div><div><button aria-label="Dodaj do koszyka" data-testid="product-add-to-basket-button" class="PriceSection-module_cartBtn--LT628 snrs-add-to-cart" data-sku="2091426" data-name="Peptide " data-regular-price="24.99" data-unit-price="100 ml = 249,90 zł" data-link="/Produkt/Tinty/Everybody-London-Peptide-tint-do-ust-Caramel-Latte-10-ml,2091426,20380" data-img-link="https://pro-fra-s3-productsassets.rossmann.pl/product_1_medium/2091426_360_350_1741339646.webp" data-labels="[&quot;TYLKO ONLINE&quot;]" data-brand="EVERYBODY LONDON" data-caption="tint do ust, Caramel Latte" data-unit="10 ml"><svg class="ui-icon " stroke-width="1.8" width="16" height="16" viewBox="0 0 24 24" preserveAspectRatio="" fill="none" stroke="currentColor" stroke-linecap="round" stroke-linejoin="round" overflow="visible"><path d="M3.5 9.47656L6.5 3.47656"></path><path d="M20.5 9.47656L17.5 3.47656"></path><path d="M21.5 12.4766H2.5L4.2 20.9836C4.30662 21.4208 4.56062 21.808 4.91924 22.0799C5.27786 22.3518 5.7192 22.4919 6.169 22.4766H17.831C18.2808 22.4919 18.7221 22.3518 19.0808 22.0799C19.4394 21.808 19.6934 21.4208 19.8 20.9836L21.5 12.4766Z"></path><path d="M21.5 9.47656H2.5C1.94772 9.47656 1.5 9.92428 1.5 10.4766V11.4766C1.5 12.0288 1.94772 12.4766 2.5 12.4766H21.5C22.0523 12.4766 22.5 12.0288 22.5 11.4766V10.4766C22.5 9.92428 22.0523 9.47656 21.5 9.47656Z"></path><path d="M12 15.4766V18.9766"></path><path d="M16.5 15.4766L16 18.9766"></path><path d="M7.5 15.4766L8 18.9766"></path></svg></button></div></div></div><div class="AvailabilitySection-module_section--IibdL AvailabilitySection-module_sectionRound--7ZN6d"><div class="AvailabilitySection-module_record--sV0gc"><div class="AvailabilitySection-module_icon--FClji AvailabilitySection-module_iconHigh--A0P1q"><svg class="ui-icon AvailabilitySection-module_iconCheck--68pbU" stroke-width="1.2" width=" 24" height="24" viewBox="0 0 24 24" preserveAspectRatio="" fill="none" stroke="currentColor" stroke-linecap="round" stroke-linejoin="round" overflow="visible"><path d="M12.6667 4.30981L5.97106 13.6431L3.33337 11.0055"></path></svg></div><div class="AvailabilitySection-module_text--zxru7 AvailabilitySection-module_textSmall--n1xcJ">Dostępny tylko online</div></div></div></section></div></div></div><div class="swiper-slide ProductSlider-module_slide--q59i6 mb-4" style="margin-right: 16px;"><div class="ProductTile-module_tile--yFwR2 ProductTile-module_small--bAwXa ProductTile-module_round--R0J7y ProductTile-module_bt--7Rs6T ProductTile-module_br--DiNim ProductTile-module_bb--6rqC2 ProductTile-module_bl--VrBPG " data-testid="product-container"><section><div><div class="HeaderSection-module_headerSection--0ATl3"><div class="HeaderSection-module_badgesSection--2J8Ry"><span class="styles-module_badge--ptqlS  "><span>TYLKO ONLINE</span></span></div><button aria-label="Dodaj do ulubionych" data-testid="product-add-to-favorites-button" class="HeaderSection-module_favoritesBtn--AtrEF snrs-add-to-fav" data-sku="2090174"><svg class="icon HeaderSection-module_icon--izXrZ " width="22" height="20" viewBox="0 0 22 20" fill="none" xmlns="http://www.w3.org/2000/svg"><path d="M11.0002 19L2.47741 9.85496C1.72993 9.09105 1.23535 8.09895 1.06538 7.02248C0.89541 5.94601 1.05887 4.84111 1.53207 3.86794C1.89665 3.13055 2.42251 2.4928 3.0672 2.00617C3.7119 1.51954 4.45737 1.19766 5.24344 1.06652C6.02951 0.935373 6.83416 0.998637 7.59245 1.2512C8.35073 1.50376 9.04141 1.93855 9.60872 2.52047L11.0002 3.84257L12.3917 2.52047C12.9591 1.93874 13.6498 1.50411 14.408 1.25166C15.1663 0.999207 15.9708 0.935998 16.7569 1.06713C17.5429 1.19827 18.2883 1.52007 18.933 2.00658C19.5777 2.4931 20.1036 3.13069 20.4683 3.86794C20.9412 4.84117 21.1046 5.94601 20.9346 7.02241C20.7646 8.09882 20.2702 9.0909 19.523 9.85496L11.0002 19Z" stroke="currentColor" stroke-width="1.5" stroke-linecap="round" stroke-linejoin="round"></path></svg></button></div></div><div class="ProductTile-module_imageSection--4dy3j"><div class="ImageSection-module_imageSection--JW6B4 ImageSection-module_imageSectionSmall--wtsuO  "><a href="/Produkt/Maseczki/SKIN627-maska-w-plachcie-kojaca-Cica-i-Zielona-Herbata-22-ml,2090174,13053"><img loading="lazy" src="https://pro-fra-s3-productsassets.rossmann.pl/product_1_small/2090174_338_190_1749063937.webp" alt="SKIN627 ,maska w płachcie, kojąca, Cica i Zielona Herbata,przód" data-testid="product-image"></a><div class="ImageSection-module_cmpInfoWrapper---gDf+"></div></div></div><div><a href="/Produkt/Maseczki/SKIN627-maska-w-plachcie-kojaca-Cica-i-Zielona-Herbata-22-ml,2090174,13053"><div title="SKIN627 " class="DescriptionSection-module_brand--+Edq7 DescriptionSection-module_brandSmall--J0DP7" data-testid="product-brand"><strong class="DescriptionSection-module_strongSmall--8u2H2">SKIN627 </strong></div><div title="maska w płachcie, kojąca, Cica i Zielona Herbata" class="DescriptionSection-module_caption--t+QTb DescriptionSection-module_captionSmall--ClR1Q" data-testid="product-caption">maska w płachcie, kojąca, Cica i Zielona Herbata</div><div class="DescriptionSection-module_unitSmall--AyjB0" data-testid="product-unit">22 ml</div></a></div></section><div class="ProductTile-module_priceBox--SIN7O"><section class="w-100 flex flex-column justify-content-between"><div><div class="PriceSection-module_priceSection--eIBii"><div class="PriceSection-module_priceContainer--SxUEN"><div class="PriceSection-module_priceBox--X1xEI" data-testid="product-current-price-wrapper"><span class="PriceSection-module_price--I18Do PriceSection-module_priceSmall--UhUP0 " data-testid="product-price"><span>4</span><span>,99 zł</span></span></div><span class="PriceSection-module_pricePerUnitSmall--GF40k" data-testid="product-price-per-unit">100 ml = 22,68 zł</span></div><div><button aria-label="Dodaj do koszyka" data-testid="product-add-to-basket-button" class="PriceSection-module_cartBtn--LT628 snrs-add-to-cart" data-sku="2090174" data-name="" data-regular-price="4.99" data-unit-price="100 ml = 22,68 zł" data-link="/Produkt/Maseczki/SKIN627-maska-w-plachcie-kojaca-Cica-i-Zielona-Herbata-22-ml,2090174,13053" data-img-link="https://pro-fra-s3-productsassets.rossmann.pl/product_1_medium/2090174_360_350_1749063939.webp" data-labels="[&quot;TYLKO ONLINE&quot;]" data-brand="SKIN627" data-caption="maska w płachcie, kojąca, Cica i Zielona Herbata" data-unit="22 ml"><svg class="ui-icon " stroke-width="1.8" width="16" height="16" viewBox="0 0 24 24" preserveAspectRatio="" fill="none" stroke="currentColor" stroke-linecap="round" stroke-linejoin="round" overflow="visible"><path d="M3.5 9.47656L6.5 3.47656"></path><path d="M20.5 9.47656L17.5 3.47656"></path><path d="M21.5 12.4766H2.5L4.2 20.9836C4.30662 21.4208 4.56062 21.808 4.91924 22.0799C5.27786 22.3518 5.7192 22.4919 6.169 22.4766H17.831C18.2808 22.4919 18.7221 22.3518 19.0808 22.0799C19.4394 21.808 19.6934 21.4208 19.8 20.9836L21.5 12.4766Z"></path><path d="M21.5 9.47656H2.5C1.94772 9.47656 1.5 9.92428 1.5 10.4766V11.4766C1.5 12.0288 1.94772 12.4766 2.5 12.4766H21.5C22.0523 12.4766 22.5 12.0288 22.5 11.4766V10.4766C22.5 9.92428 22.0523 9.47656 21.5 9.47656Z"></path><path d="M12 15.4766V18.9766"></path><path d="M16.5 15.4766L16 18.9766"></path><path d="M7.5 15.4766L8 18.9766"></path></svg></button></div></div></div><div class="AvailabilitySection-module_section--IibdL AvailabilitySection-module_sectionRound--7ZN6d"><div class="AvailabilitySection-module_record--sV0gc"><div class="AvailabilitySection-module_icon--FClji AvailabilitySection-module_iconHigh--A0P1q"><svg class="ui-icon AvailabilitySection-module_iconCheck--68pbU" stroke-width="1.2" width=" 24" height="24" viewBox="0 0 24 24" preserveAspectRatio="" fill="none" stroke="currentColor" stroke-linecap="round" stroke-linejoin="round" overflow="visible"><path d="M12.6667 4.30981L5.97106 13.6431L3.33337 11.0055"></path></svg></div><div class="AvailabilitySection-module_text--zxru7 AvailabilitySection-module_textSmall--n1xcJ">Dostępny tylko online</div></div></div></section></div></div></div><div class="swiper-slide ProductSlider-module_slide--q59i6 mb-4" style="margin-right: 16px;"><div class="ProductTile-module_tile--yFwR2 ProductTile-module_small--bAwXa ProductTile-module_round--R0J7y ProductTile-module_bt--7Rs6T ProductTile-module_br--DiNim ProductTile-module_bb--6rqC2 ProductTile-module_bl--VrBPG " data-testid="product-container"><section><div><div class="HeaderSection-module_headerSection--0ATl3"><div class="HeaderSection-module_badgesSection--2J8Ry"><span class="styles-module_badge--ptqlS  "><span>TYLKO ONLINE</span></span></div><button aria-label="Dodaj do ulubionych" data-testid="product-add-to-favorites-button" class="HeaderSection-module_favoritesBtn--AtrEF snrs-add-to-fav" data-sku="2091971"><svg class="icon HeaderSection-module_icon--izXrZ " width="22" height="20" viewBox="0 0 22 20" fill="none" xmlns="http://www.w3.org/2000/svg"><path d="M11.0002 19L2.47741 9.85496C1.72993 9.09105 1.23535 8.09895 1.06538 7.02248C0.89541 5.94601 1.05887 4.84111 1.53207 3.86794C1.89665 3.13055 2.42251 2.4928 3.0672 2.00617C3.7119 1.51954 4.45737 1.19766 5.24344 1.06652C6.02951 0.935373 6.83416 0.998637 7.59245 1.2512C8.35073 1.50376 9.04141 1.93855 9.60872 2.52047L11.0002 3.84257L12.3917 2.52047C12.9591 1.93874 13.6498 1.50411 14.408 1.25166C15.1663 0.999207 15.9708 0.935998 16.7569 1.06713C17.5429 1.19827 18.2883 1.52007 18.933 2.00658C19.5777 2.4931 20.1036 3.13069 20.4683 3.86794C20.9412 4.84117 21.1046 5.94601 20.9346 7.02241C20.7646 8.09882 20.2702 9.0909 19.523 9.85496L11.0002 19Z" stroke="currentColor" stroke-width="1.5" stroke-linecap="round" stroke-linejoin="round"></path></svg></button></div></div><div class="ProductTile-module_imageSection--4dy3j"><div class="ImageSection-module_imageSection--JW6B4 ImageSection-module_imageSectionSmall--wtsuO  "><a href="/Produkt/Esencje-i-hydrolaty-do-twarzy/Avène-woda-termalna-50-ml,2091971,13067"><img loading="lazy" src="https://pro-fra-s3-productsassets.rossmann.pl/product_1_small/2091971_338_190_1727471420.webp" alt="AVENE ,woda termalna,przód" data-testid="product-image"></a><div class="ImageSection-module_cmpInfoWrapper---gDf+"></div></div></div><div><a href="/Produkt/Esencje-i-hydrolaty-do-twarzy/Avène-woda-termalna-50-ml,2091971,13067"><div title="AVENE " class="DescriptionSection-module_brand--+Edq7 DescriptionSection-module_brandSmall--J0DP7" data-testid="product-brand"><strong class="DescriptionSection-module_strongSmall--8u2H2">AVENE </strong></div><div title="woda termalna" class="DescriptionSection-module_caption--t+QTb DescriptionSection-module_captionSmall--ClR1Q" data-testid="product-caption">woda termalna</div><div class="DescriptionSection-module_unitSmall--AyjB0" data-testid="product-unit">50 ml</div></a></div></section><div class="ProductTile-module_priceBox--SIN7O"><section class="w-100 flex flex-column justify-content-between"><div><div class="PriceSection-module_priceSection--eIBii"><div class="PriceSection-module_priceContainer--SxUEN"><div class="PriceSection-module_priceBox--X1xEI" data-testid="product-current-price-wrapper"><span class="PriceSection-module_price--I18Do PriceSection-module_priceSmall--UhUP0 " data-testid="product-price"><span>19</span><span>,99 zł</span></span></div><span class="PriceSection-module_pricePerUnitSmall--GF40k" data-testid="product-price-per-unit">100 ml = 39,98 zł</span></div><div><button aria-label="Dodaj do koszyka" data-testid="product-add-to-basket-button" class="PriceSection-module_cartBtn--LT628 snrs-add-to-cart" data-sku="2091971" data-name="" data-regular-price="19.99" data-unit-price="100 ml = 39,98 zł" data-link="/Produkt/Esencje-i-hydrolaty-do-twarzy/Avène-woda-termalna-50-ml,2091971,13067" data-img-link="https://pro-fra-s3-productsassets.rossmann.pl/product_1_medium/2091971_360_350_1727471420.webp" data-labels="[&quot;TYLKO ONLINE&quot;]" data-brand="AVENE" data-caption="woda termalna" data-unit="50 ml"><svg class="ui-icon " stroke-width="1.8" width="16" height="16" viewBox="0 0 24 24" preserveAspectRatio="" fill="none" stroke="currentColor" stroke-linecap="round" stroke-linejoin="round" overflow="visible"><path d="M3.5 9.47656L6.5 3.47656"></path><path d="M20.5 9.47656L17.5 3.47656"></path><path d="M21.5 12.4766H2.5L4.2 20.9836C4.30662 21.4208 4.56062 21.808 4.91924 22.0799C5.27786 22.3518 5.7192 22.4919 6.169 22.4766H17.831C18.2808 22.4919 18.7221 22.3518 19.0808 22.0799C19.4394 21.808 19.6934 21.4208 19.8 20.9836L21.5 12.4766Z"></path><path d="M21.5 9.47656H2.5C1.94772 9.47656 1.5 9.92428 1.5 10.4766V11.4766C1.5 12.0288 1.94772 12.4766 2.5 12.4766H21.5C22.0523 12.4766 22.5 12.0288 22.5 11.4766V10.4766C22.5 9.92428 22.0523 9.47656 21.5 9.47656Z"></path><path d="M12 15.4766V18.9766"></path><path d="M16.5 15.4766L16 18.9766"></path><path d="M7.5 15.4766L8 18.9766"></path></svg></button></div></div></div><div class="AvailabilitySection-module_section--IibdL AvailabilitySection-module_sectionRound--7ZN6d"><div class="AvailabilitySection-module_record--sV0gc"><div class="AvailabilitySection-module_icon--FClji AvailabilitySection-module_iconHigh--A0P1q"><svg class="ui-icon AvailabilitySection-module_iconCheck--68pbU" stroke-width="1.2" width=" 24" height="24" viewBox="0 0 24 24" preserveAspectRatio="" fill="none" stroke="currentColor" stroke-linecap="round" stroke-linejoin="round" overflow="visible"><path d="M12.6667 4.30981L5.97106 13.6431L3.33337 11.0055"></path></svg></div><div class="AvailabilitySection-module_text--zxru7 AvailabilitySection-module_textSmall--n1xcJ">Dostępny tylko online</div></div></div></section></div></div></div><div class="swiper-slide ProductSlider-module_slide--q59i6 mb-4" style="margin-right: 16px;"><div class="ProductTile-module_tile--yFwR2 ProductTile-module_small--bAwXa ProductTile-module_round--R0J7y ProductTile-module_bt--7Rs6T ProductTile-module_br--DiNim ProductTile-module_bb--6rqC2 ProductTile-module_bl--VrBPG " data-testid="product-container"><section><div><div class="HeaderSection-module_headerSection--0ATl3"><div class="HeaderSection-module_badgesSection--2J8Ry"><span class="styles-module_badge--ptqlS  "><span>TYLKO ONLINE</span></span></div><button aria-label="Dodaj do ulubionych" data-testid="product-add-to-favorites-button" class="HeaderSection-module_favoritesBtn--AtrEF snrs-add-to-fav" data-sku="2102950"><svg class="icon HeaderSection-module_icon--izXrZ " width="22" height="20" viewBox="0 0 22 20" fill="none" xmlns="http://www.w3.org/2000/svg"><path d="M11.0002 19L2.47741 9.85496C1.72993 9.09105 1.23535 8.09895 1.06538 7.02248C0.89541 5.94601 1.05887 4.84111 1.53207 3.86794C1.89665 3.13055 2.42251 2.4928 3.0672 2.00617C3.7119 1.51954 4.45737 1.19766 5.24344 1.06652C6.02951 0.935373 6.83416 0.998637 7.59245 1.2512C8.35073 1.50376 9.04141 1.93855 9.60872 2.52047L11.0002 3.84257L12.3917 2.52047C12.9591 1.93874 13.6498 1.50411 14.408 1.25166C15.1663 0.999207 15.9708 0.935998 16.7569 1.06713C17.5429 1.19827 18.2883 1.52007 18.933 2.00658C19.5777 2.4931 20.1036 3.13069 20.4683 3.86794C20.9412 4.84117 21.1046 5.94601 20.9346 7.02241C20.7646 8.09882 20.2702 9.0909 19.523 9.85496L11.0002 19Z" stroke="currentColor" stroke-width="1.5" stroke-linecap="round" stroke-linejoin="round"></path></svg></button></div></div><div class="ProductTile-module_imageSection--4dy3j"><div class="ImageSection-module_imageSection--JW6B4 ImageSection-module_imageSectionSmall--wtsuO  "><a href="/Produkt/Serum-boostery-i-esencje/Bielenda-Skin-Clinic-Professional-serum-do-twarzy-z-kwasem-kojowym-korygujaco-rozjasniajace-30-ml,2102950,13051"><img loading="lazy" src="https://pro-fra-s3-productsassets.rossmann.pl/product_7_small/2102950_338_190_1742204852.webp" alt="BIELENDA Skin Clinic Professional ,serum do twarzy z kwasem kojowym, korygująco-rozjaśniające,kompozycja-2" data-testid="product-image"></a><div class="ImageSection-module_cmpInfoWrapper---gDf+"></div></div></div><div><a href="/Produkt/Serum-boostery-i-esencje/Bielenda-Skin-Clinic-Professional-serum-do-twarzy-z-kwasem-kojowym-korygujaco-rozjasniajace-30-ml,2102950,13051"><div title="BIELENDA Skin Clinic Professional " class="DescriptionSection-module_brand--+Edq7 DescriptionSection-module_brandSmall--J0DP7" data-testid="product-brand"><strong class="DescriptionSection-module_strongSmall--8u2H2">BIELENDA Skin Clinic Professional </strong></div><div title="serum do twarzy z kwasem kojowym, korygująco-rozjaśniające" class="DescriptionSection-module_caption--t+QTb DescriptionSection-module_captionSmall--ClR1Q" data-testid="product-caption">serum do twarzy z kwasem kojowym, korygująco-rozjaśniające</div><div class="DescriptionSection-module_unitSmall--AyjB0" data-testid="product-unit">30 ml</div></a></div></section><div class="ProductTile-module_priceBox--SIN7O"><section class="w-100 flex flex-column justify-content-between"><div><div class="PriceSection-module_priceSection--eIBii"><div class="PriceSection-module_priceContainer--SxUEN"><div class="PriceSection-module_priceBox--X1xEI" data-testid="product-current-price-wrapper"><span class="PriceSection-module_price--I18Do PriceSection-module_priceSmall--UhUP0 " data-testid="product-price"><span>34</span><span>,99 zł</span></span></div><span class="PriceSection-module_pricePerUnitSmall--GF40k" data-testid="product-price-per-unit">100 ml = 116,63 zł</span></div><div><button aria-label="Dodaj do koszyka" data-testid="product-add-to-basket-button" class="PriceSection-module_cartBtn--LT628 snrs-add-to-cart" data-sku="2102950" data-name="Skin Clinic Professional " data-regular-price="34.99" data-unit-price="100 ml = 116,63 zł" data-link="/Produkt/Serum-boostery-i-esencje/Bielenda-Skin-Clinic-Professional-serum-do-twarzy-z-kwasem-kojowym-korygujaco-rozjasniajace-30-ml,2102950,13051" data-img-link="https://pro-fra-s3-productsassets.rossmann.pl/product_7_medium/2102950_360_350_1742204853.webp" data-labels="[&quot;TYLKO ONLINE&quot;]" data-brand="BIELENDA" data-caption="serum do twarzy z kwasem kojowym, korygująco-rozjaśniające" data-unit="30 ml"><svg class="ui-icon " stroke-width="1.8" width="16" height="16" viewBox="0 0 24 24" preserveAspectRatio="" fill="none" stroke="currentColor" stroke-linecap="round" stroke-linejoin="round" overflow="visible"><path d="M3.5 9.47656L6.5 3.47656"></path><path d="M20.5 9.47656L17.5 3.47656"></path><path d="M21.5 12.4766H2.5L4.2 20.9836C4.30662 21.4208 4.56062 21.808 4.91924 22.0799C5.27786 22.3518 5.7192 22.4919 6.169 22.4766H17.831C18.2808 22.4919 18.7221 22.3518 19.0808 22.0799C19.4394 21.808 19.6934 21.4208 19.8 20.9836L21.5 12.4766Z"></path><path d="M21.5 9.47656H2.5C1.94772 9.47656 1.5 9.92428 1.5 10.4766V11.4766C1.5 12.0288 1.94772 12.4766 2.5 12.4766H21.5C22.0523 12.4766 22.5 12.0288 22.5 11.4766V10.4766C22.5 9.92428 22.0523 9.47656 21.5 9.47656Z"></path><path d="M12 15.4766V18.9766"></path><path d="M16.5 15.4766L16 18.9766"></path><path d="M7.5 15.4766L8 18.9766"></path></svg></button></div></div></div><div class="AvailabilitySection-module_section--IibdL AvailabilitySection-module_sectionRound--7ZN6d"><div class="AvailabilitySection-module_record--sV0gc"><div class="AvailabilitySection-module_icon--FClji AvailabilitySection-module_iconHigh--A0P1q"><svg class="ui-icon AvailabilitySection-module_iconCheck--68pbU" stroke-width="1.2" width=" 24" height="24" viewBox="0 0 24 24" preserveAspectRatio="" fill="none" stroke="currentColor" stroke-linecap="round" stroke-linejoin="round" overflow="visible"><path d="M12.6667 4.30981L5.97106 13.6431L3.33337 11.0055"></path></svg></div><div class="AvailabilitySection-module_text--zxru7 AvailabilitySection-module_textSmall--n1xcJ">Dostępny tylko online</div></div></div></section></div></div></div><div class="swiper-slide ProductSlider-module_slide--q59i6 mb-4" style="margin-right: 16px;"><div class="ProductTile-module_tile--yFwR2 ProductTile-module_small--bAwXa ProductTile-module_round--R0J7y ProductTile-module_bt--7Rs6T ProductTile-module_br--DiNim ProductTile-module_bb--6rqC2 ProductTile-module_bl--VrBPG " data-testid="product-container"><section><div><div class="HeaderSection-module_headerSection--0ATl3"><div class="HeaderSection-module_badgesSection--2J8Ry"><span class="styles-module_badge--ptqlS  "><span>TYLKO ONLINE</span></span></div><button aria-label="Dodaj do ulubionych" data-testid="product-add-to-favorites-button" class="HeaderSection-module_favoritesBtn--AtrEF snrs-add-to-fav" data-sku="2115717"><svg class="icon HeaderSection-module_icon--izXrZ " width="22" height="20" viewBox="0 0 22 20" fill="none" xmlns="http://www.w3.org/2000/svg"><path d="M11.0002 19L2.47741 9.85496C1.72993 9.09105 1.23535 8.09895 1.06538 7.02248C0.89541 5.94601 1.05887 4.84111 1.53207 3.86794C1.89665 3.13055 2.42251 2.4928 3.0672 2.00617C3.7119 1.51954 4.45737 1.19766 5.24344 1.06652C6.02951 0.935373 6.83416 0.998637 7.59245 1.2512C8.35073 1.50376 9.04141 1.93855 9.60872 2.52047L11.0002 3.84257L12.3917 2.52047C12.9591 1.93874 13.6498 1.50411 14.408 1.25166C15.1663 0.999207 15.9708 0.935998 16.7569 1.06713C17.5429 1.19827 18.2883 1.52007 18.933 2.00658C19.5777 2.4931 20.1036 3.13069 20.4683 3.86794C20.9412 4.84117 21.1046 5.94601 20.9346 7.02241C20.7646 8.09882 20.2702 9.0909 19.523 9.85496L11.0002 19Z" stroke="currentColor" stroke-width="1.5" stroke-linecap="round" stroke-linejoin="round"></path></svg></button></div></div><div class="ProductTile-module_imageSection--4dy3j"><div class="ImageSection-module_imageSection--JW6B4 ImageSection-module_imageSectionSmall--wtsuO  "><a href="/Produkt/Blyszczyki/Rimmel-Oh-My-Gloss-Butter-Me-Up-balsam-do-ust-nawilzajacy-z-peptydami-i-skwalanem-nr-001-Latte-D,2115717,13014"><img loading="lazy" src="https://pro-fra-s3-productsassets.rossmann.pl/product_7_small/2115717_338_190_1750067591.webp" alt="RIMMEL Oh My Gloss! Butter Me Up,balsam do ust, nawilżający, z peptydami i skwalanem, nr 001 Latte Delight,kompozycja-2" data-testid="product-image"></a><div class="ImageSection-module_cmpInfoWrapper---gDf+"></div></div></div><div><a href="/Produkt/Blyszczyki/Rimmel-Oh-My-Gloss-Butter-Me-Up-balsam-do-ust-nawilzajacy-z-peptydami-i-skwalanem-nr-001-Latte-D,2115717,13014"><div title="RIMMEL Oh My Gloss! Butter Me Up" class="DescriptionSection-module_brand--+Edq7 DescriptionSection-module_brandSmall--J0DP7" data-testid="product-brand"><strong class="DescriptionSection-module_strongSmall--8u2H2">RIMMEL Oh My Gloss! Butter Me Up</strong></div><div title="balsam do ust, nawilżający, z peptydami i skwalanem, nr 001 Latte Delight" class="DescriptionSection-module_caption--t+QTb DescriptionSection-module_captionSmall--ClR1Q" data-testid="product-caption">balsam do ust, nawilżający, z peptydami i skwalanem, nr 001 Latte Delight</div><div class="DescriptionSection-module_unitSmall--AyjB0" data-testid="product-unit">15 ml</div></a></div></section><div class="ProductTile-module_priceBox--SIN7O"><section class="w-100 flex flex-column justify-content-between"><div><div class="PriceSection-module_priceSection--eIBii"><div class="PriceSection-module_priceContainer--SxUEN"><div class="PriceSection-module_priceBox--X1xEI" data-testid="product-current-price-wrapper"><span class="PriceSection-module_price--I18Do PriceSection-module_priceSmall--UhUP0 " data-testid="product-price"><span>39</span><span>,99 zł</span></span></div><span class="PriceSection-module_pricePerUnitSmall--GF40k" data-testid="product-price-per-unit">100 ml = 266,60 zł</span></div><div><button aria-label="Dodaj do koszyka" data-testid="product-add-to-basket-button" class="PriceSection-module_cartBtn--LT628 snrs-add-to-cart" data-sku="2115717" data-name="Oh My Gloss! Butter Me Up" data-regular-price="39.99" data-unit-price="100 ml = 266,60 zł" data-link="/Produkt/Blyszczyki/Rimmel-Oh-My-Gloss-Butter-Me-Up-balsam-do-ust-nawilzajacy-z-peptydami-i-skwalanem-nr-001-Latte-D,2115717,13014" data-img-link="https://pro-fra-s3-productsassets.rossmann.pl/product_7_medium/2115717_360_350_1750067592.webp" data-labels="[&quot;TYLKO ONLINE&quot;]" data-brand="RIMMEL" data-caption="balsam do ust, nawilżający, z peptydami i skwalanem, nr 001 Latte Delight" data-unit="15 ml"><svg class="ui-icon " stroke-width="1.8" width="16" height="16" viewBox="0 0 24 24" preserveAspectRatio="" fill="none" stroke="currentColor" stroke-linecap="round" stroke-linejoin="round" overflow="visible"><path d="M3.5 9.47656L6.5 3.47656"></path><path d="M20.5 9.47656L17.5 3.47656"></path><path d="M21.5 12.4766H2.5L4.2 20.9836C4.30662 21.4208 4.56062 21.808 4.91924 22.0799C5.27786 22.3518 5.7192 22.4919 6.169 22.4766H17.831C18.2808 22.4919 18.7221 22.3518 19.0808 22.0799C19.4394 21.808 19.6934 21.4208 19.8 20.9836L21.5 12.4766Z"></path><path d="M21.5 9.47656H2.5C1.94772 9.47656 1.5 9.92428 1.5 10.4766V11.4766C1.5 12.0288 1.94772 12.4766 2.5 12.4766H21.5C22.0523 12.4766 22.5 12.0288 22.5 11.4766V10.4766C22.5 9.92428 22.0523 9.47656 21.5 9.47656Z"></path><path d="M12 15.4766V18.9766"></path><path d="M16.5 15.4766L16 18.9766"></path><path d="M7.5 15.4766L8 18.9766"></path></svg></button></div></div></div><div class="AvailabilitySection-module_section--IibdL AvailabilitySection-module_sectionRound--7ZN6d"><div class="AvailabilitySection-module_record--sV0gc"><div class="AvailabilitySection-module_icon--FClji AvailabilitySection-module_iconHigh--A0P1q"><svg class="ui-icon AvailabilitySection-module_iconCheck--68pbU" stroke-width="1.2" width=" 24" height="24" viewBox="0 0 24 24" preserveAspectRatio="" fill="none" stroke="currentColor" stroke-linecap="round" stroke-linejoin="round" overflow="visible"><path d="M12.6667 4.30981L5.97106 13.6431L3.33337 11.0055"></path></svg></div><div class="AvailabilitySection-module_text--zxru7 AvailabilitySection-module_textSmall--n1xcJ">Dostępny tylko online</div></div></div></section></div></div></div><div class="swiper-slide ProductSlider-module_slide--q59i6 mb-4" style="margin-right: 16px;"><div class="ProductTile-module_tile--yFwR2 ProductTile-module_small--bAwXa ProductTile-module_round--R0J7y ProductTile-module_bt--7Rs6T ProductTile-module_br--DiNim ProductTile-module_bb--6rqC2 ProductTile-module_bl--VrBPG " data-testid="product-container"><section><div><div class="HeaderSection-module_headerSection--0ATl3"><div class="HeaderSection-module_badgesSection--2J8Ry"><span class="styles-module_badge--ptqlS  "><span>TYLKO ONLINE</span></span></div><button aria-label="Dodaj do ulubionych" data-testid="product-add-to-favorites-button" class="HeaderSection-module_favoritesBtn--AtrEF snrs-add-to-fav" data-sku="3137"><svg class="icon HeaderSection-module_icon--izXrZ " width="22" height="20" viewBox="0 0 22 20" fill="none" xmlns="http://www.w3.org/2000/svg"><path d="M11.0002 19L2.47741 9.85496C1.72993 9.09105 1.23535 8.09895 1.06538 7.02248C0.89541 5.94601 1.05887 4.84111 1.53207 3.86794C1.89665 3.13055 2.42251 2.4928 3.0672 2.00617C3.7119 1.51954 4.45737 1.19766 5.24344 1.06652C6.02951 0.935373 6.83416 0.998637 7.59245 1.2512C8.35073 1.50376 9.04141 1.93855 9.60872 2.52047L11.0002 3.84257L12.3917 2.52047C12.9591 1.93874 13.6498 1.50411 14.408 1.25166C15.1663 0.999207 15.9708 0.935998 16.7569 1.06713C17.5429 1.19827 18.2883 1.52007 18.933 2.00658C19.5777 2.4931 20.1036 3.13069 20.4683 3.86794C20.9412 4.84117 21.1046 5.94601 20.9346 7.02241C20.7646 8.09882 20.2702 9.0909 19.523 9.85496L11.0002 19Z" stroke="currentColor" stroke-width="1.5" stroke-linecap="round" stroke-linejoin="round"></path></svg></button></div></div><div class="ProductTile-module_imageSection--4dy3j"><div class="ImageSection-module_imageSection--JW6B4 ImageSection-module_imageSectionSmall--wtsuO  "><a href="/Produkt/Pasty-do-zebow/Ajona-Stomaticum-medyczny-koncentrat-pasty-do-zebow-dziasel-i-jezyka-25-ml,3137,13163"><img loading="lazy" src="https://pro-fra-s3-productsassets.rossmann.pl/product_1_small/3137_338_190_1749471763.webp" alt="AJONA Stomaticum ,medyczny koncentrat pasty do zębów, dziąseł i języka,przód" data-testid="product-image"></a><div class="ImageSection-module_cmpInfoWrapper---gDf+"></div></div></div><div><a href="/Produkt/Pasty-do-zebow/Ajona-Stomaticum-medyczny-koncentrat-pasty-do-zebow-dziasel-i-jezyka-25-ml,3137,13163"><div title="AJONA Stomaticum " class="DescriptionSection-module_brand--+Edq7 DescriptionSection-module_brandSmall--J0DP7" data-testid="product-brand"><strong class="DescriptionSection-module_strongSmall--8u2H2">AJONA Stomaticum </strong></div><div title="medyczny koncentrat pasty do zębów, dziąseł i języka" class="DescriptionSection-module_caption--t+QTb DescriptionSection-module_captionSmall--ClR1Q" data-testid="product-caption">medyczny koncentrat pasty do zębów, dziąseł i języka</div><div class="DescriptionSection-module_unitSmall--AyjB0" data-testid="product-unit">25 ml</div></a></div></section><div class="ProductTile-module_priceBox--SIN7O"><section class="w-100 flex flex-column justify-content-between"><div><div class="PriceSection-module_priceSection--eIBii"><div class="PriceSection-module_priceContainer--SxUEN"><div class="PriceSection-module_priceBox--X1xEI" data-testid="product-current-price-wrapper"><span class="PriceSection-module_price--I18Do PriceSection-module_priceSmall--UhUP0 PriceSection-module_pricePromotion--4NEgk" data-testid="product-price"><span>12</span><span>,49 zł</span></span></div><span class="PriceSection-module_pricePerUnitSmall--GF40k" data-testid="product-price-per-unit">100 ml = 49,96 zł</span></div><div><button aria-label="Dodaj do koszyka" data-testid="product-add-to-basket-button" class="PriceSection-module_cartBtn--LT628 snrs-add-to-cart" data-sku="3137" data-name="Stomaticum " data-regular-price="14.99" data-promo-price="12.49" data-omnibus-price="14.99" data-unit-price="100 ml = 49,96 zł" data-link="/Produkt/Pasty-do-zebow/Ajona-Stomaticum-medyczny-koncentrat-pasty-do-zebow-dziasel-i-jezyka-25-ml,3137,13163" data-img-link="https://pro-fra-s3-productsassets.rossmann.pl/product_1_medium/3137_360_350_1749471766.webp" data-labels="[&quot;TYLKO ONLINE&quot;]" data-brand="AJONA" data-caption="medyczny koncentrat pasty do zębów, dziąseł i języka" data-unit="25 ml"><svg class="ui-icon " stroke-width="1.8" width="16" height="16" viewBox="0 0 24 24" preserveAspectRatio="" fill="none" stroke="currentColor" stroke-linecap="round" stroke-linejoin="round" overflow="visible"><path d="M3.5 9.47656L6.5 3.47656"></path><path d="M20.5 9.47656L17.5 3.47656"></path><path d="M21.5 12.4766H2.5L4.2 20.9836C4.30662 21.4208 4.56062 21.808 4.91924 22.0799C5.27786 22.3518 5.7192 22.4919 6.169 22.4766H17.831C18.2808 22.4919 18.7221 22.3518 19.0808 22.0799C19.4394 21.808 19.6934 21.4208 19.8 20.9836L21.5 12.4766Z"></path><path d="M21.5 9.47656H2.5C1.94772 9.47656 1.5 9.92428 1.5 10.4766V11.4766C1.5 12.0288 1.94772 12.4766 2.5 12.4766H21.5C22.0523 12.4766 22.5 12.0288 22.5 11.4766V10.4766C22.5 9.92428 22.0523 9.47656 21.5 9.47656Z"></path><path d="M12 15.4766V18.9766"></path><path d="M16.5 15.4766L16 18.9766"></path><path d="M7.5 15.4766L8 18.9766"></path></svg></button></div></div><div class="PriceDetailSection-module_section--GiX3L" data-testid="product-omnibus"><div class="tile-product__lowest-price"><div class="LowestPrice-module_text--cofnN LowestPrice-module_textSmall--57oJQ"><span>Najniższa cena: </span><span data-testid="lowest-price-in-30-days" class="LowestPrice-module_price--E4qKq ml-1"><span data-testid="product-price" class="styles-module_strike--3Okb2  styles-module_xxxSmall--DH55z styles-module_price--9IDpJ">14<span class="styles-module_price--9IDpJ">,99</span> <span>zł</span></span></span><button aria-label="Najniższa cena z 30 dni przed obniżką" data-state="closed" class="OmnibusTrigger-module_button--G5UaQ"><svg class="ui-icon " stroke-width="1.2" width="16" height="16" viewBox="0 0 24 24" preserveAspectRatio="" fill="none" stroke="currentColor" stroke-linecap="round" stroke-linejoin="round" overflow="visible"><path d="M12 22C17.5228 22 22 17.5228 22 12C22 6.47714 17.5228 2 12 2C6.47715 2 2 6.47714 2 12C2 17.5228 6.47715 22 12 22Z"></path><path d="M14 17H12.6667C12.4309 17 12.2048 16.8946 12.0381 16.7071C11.8715 16.5196 11.7778 16.2652 11.7778 16V10.5C11.7778 10.3674 11.7309 10.2402 11.6476 10.1465C11.5643 10.0527 11.4512 10 11.3333 10H10"></path><path d="M11.7415 7C11.6034 7 11.4915 6.88807 11.4915 6.75C11.4915 6.61193 11.6034 6.5 11.7415 6.5"></path><path d="M11.7415 7C11.8795 7 11.9915 6.88807 11.9915 6.75C11.9915 6.61193 11.8795 6.5 11.7415 6.5"></path></svg></button></div></div></div></div><div class="AvailabilitySection-module_section--IibdL AvailabilitySection-module_sectionRound--7ZN6d"><div class="AvailabilitySection-module_record--sV0gc"><div class="AvailabilitySection-module_icon--FClji AvailabilitySection-module_iconHigh--A0P1q"><svg class="ui-icon AvailabilitySection-module_iconCheck--68pbU" stroke-width="1.2" width=" 24" height="24" viewBox="0 0 24 24" preserveAspectRatio="" fill="none" stroke="currentColor" stroke-linecap="round" stroke-linejoin="round" overflow="visible"><path d="M12.6667 4.30981L5.97106 13.6431L3.33337 11.0055"></path></svg></div><div class="AvailabilitySection-module_text--zxru7 AvailabilitySection-module_textSmall--n1xcJ">Dostępny tylko online</div></div></div></section></div></div></div><div class="swiper-slide ProductSlider-module_slide--q59i6 mb-4" style="margin-right: 16px;"><div class="ProductTile-module_tile--yFwR2 ProductTile-module_small--bAwXa ProductTile-module_round--R0J7y ProductTile-module_bt--7Rs6T ProductTile-module_br--DiNim ProductTile-module_bb--6rqC2 ProductTile-module_bl--VrBPG " data-testid="product-container"><section><div><div class="HeaderSection-module_headerSection--0ATl3"><div class="HeaderSection-module_badgesSection--2J8Ry"><span class="styles-module_badge--ptqlS  "><span>TYLKO ONLINE</span></span></div><button aria-label="Dodaj do ulubionych" data-testid="product-add-to-favorites-button" class="HeaderSection-module_favoritesBtn--AtrEF snrs-add-to-fav" data-sku="2094871"><svg class="icon HeaderSection-module_icon--izXrZ " width="22" height="20" viewBox="0 0 22 20" fill="none" xmlns="http://www.w3.org/2000/svg"><path d="M11.0002 19L2.47741 9.85496C1.72993 9.09105 1.23535 8.09895 1.06538 7.02248C0.89541 5.94601 1.05887 4.84111 1.53207 3.86794C1.89665 3.13055 2.42251 2.4928 3.0672 2.00617C3.7119 1.51954 4.45737 1.19766 5.24344 1.06652C6.02951 0.935373 6.83416 0.998637 7.59245 1.2512C8.35073 1.50376 9.04141 1.93855 9.60872 2.52047L11.0002 3.84257L12.3917 2.52047C12.9591 1.93874 13.6498 1.50411 14.408 1.25166C15.1663 0.999207 15.9708 0.935998 16.7569 1.06713C17.5429 1.19827 18.2883 1.52007 18.933 2.00658C19.5777 2.4931 20.1036 3.13069 20.4683 3.86794C20.9412 4.84117 21.1046 5.94601 20.9346 7.02241C20.7646 8.09882 20.2702 9.0909 19.523 9.85496L11.0002 19Z" stroke="currentColor" stroke-width="1.5" stroke-linecap="round" stroke-linejoin="round"></path></svg></button></div></div><div class="ProductTile-module_imageSection--4dy3j"><div class="ImageSection-module_imageSection--JW6B4 ImageSection-module_imageSectionSmall--wtsuO  "><a href="/Produkt/Pieluchy-jednorazowe/Pampers-Premium-Care-pieluchy-9-14kg-rozmiar-4-174-szt,2094871,14008"><img loading="lazy" src="https://pro-fra-s3-productsassets.rossmann.pl/product_7_small/2094871_338_190_1728303137.webp" alt="PAMPERS Premium Care ,pieluchy, 9-14kg, rozmiar 4;,kompozycja-2" data-testid="product-image"></a><div class="ImageSection-module_cmpInfoWrapper---gDf+"></div></div></div><div><a href="/Produkt/Pieluchy-jednorazowe/Pampers-Premium-Care-pieluchy-9-14kg-rozmiar-4-174-szt,2094871,14008"><div title="PAMPERS Premium Care " class="DescriptionSection-module_brand--+Edq7 DescriptionSection-module_brandSmall--J0DP7" data-testid="product-brand"><strong class="DescriptionSection-module_strongSmall--8u2H2">PAMPERS Premium Care </strong></div><div title="pieluchy, 9-14kg, rozmiar 4;" class="DescriptionSection-module_caption--t+QTb DescriptionSection-module_captionSmall--ClR1Q" data-testid="product-caption">pieluchy, 9-14kg, rozmiar 4;</div><div class="DescriptionSection-module_unitSmall--AyjB0" data-testid="product-unit">174 szt.</div></a></div></section><div class="ProductTile-module_priceBox--SIN7O"><section class="w-100 flex flex-column justify-content-between"><div><div class="PriceSection-module_priceSection--eIBii"><div class="PriceSection-module_priceContainer--SxUEN"><div class="PriceSection-module_priceBox--X1xEI" data-testid="product-current-price-wrapper"><span class="PriceSection-module_price--I18Do PriceSection-module_priceSmall--UhUP0 " data-testid="product-price"><span>149</span><span>,99 zł</span></span></div><span class="PriceSection-module_pricePerUnitSmall--GF40k" data-testid="product-price-per-unit">1 szt. = 0,86 zł</span></div><div><button aria-label="Dodaj do koszyka" data-testid="product-add-to-basket-button" class="PriceSection-module_cartBtn--LT628 snrs-add-to-cart" data-sku="2094871" data-name="Premium Care " data-regular-price="149.99" data-unit-price="1 szt. = 0,86 zł" data-link="/Produkt/Pieluchy-jednorazowe/Pampers-Premium-Care-pieluchy-9-14kg-rozmiar-4-174-szt,2094871,14008" data-img-link="https://pro-fra-s3-productsassets.rossmann.pl/product_7_medium/2094871_360_350_1728303138.webp" data-labels="[&quot;TYLKO ONLINE&quot;]" data-brand="PAMPERS" data-caption="pieluchy, 9-14kg, rozmiar 4;" data-unit="174 szt."><svg class="ui-icon " stroke-width="1.8" width="16" height="16" viewBox="0 0 24 24" preserveAspectRatio="" fill="none" stroke="currentColor" stroke-linecap="round" stroke-linejoin="round" overflow="visible"><path d="M3.5 9.47656L6.5 3.47656"></path><path d="M20.5 9.47656L17.5 3.47656"></path><path d="M21.5 12.4766H2.5L4.2 20.9836C4.30662 21.4208 4.56062 21.808 4.91924 22.0799C5.27786 22.3518 5.7192 22.4919 6.169 22.4766H17.831C18.2808 22.4919 18.7221 22.3518 19.0808 22.0799C19.4394 21.808 19.6934 21.4208 19.8 20.9836L21.5 12.4766Z"></path><path d="M21.5 9.47656H2.5C1.94772 9.47656 1.5 9.92428 1.5 10.4766V11.4766C1.5 12.0288 1.94772 12.4766 2.5 12.4766H21.5C22.0523 12.4766 22.5 12.0288 22.5 11.4766V10.4766C22.5 9.92428 22.0523 9.47656 21.5 9.47656Z"></path><path d="M12 15.4766V18.9766"></path><path d="M16.5 15.4766L16 18.9766"></path><path d="M7.5 15.4766L8 18.9766"></path></svg></button></div></div></div><div class="AvailabilitySection-module_section--IibdL AvailabilitySection-module_sectionRound--7ZN6d"><div class="AvailabilitySection-module_record--sV0gc"><div class="AvailabilitySection-module_icon--FClji AvailabilitySection-module_iconHigh--A0P1q"><svg class="ui-icon AvailabilitySection-module_iconCheck--68pbU" stroke-width="1.2" width=" 24" height="24" viewBox="0 0 24 24" preserveAspectRatio="" fill="none" stroke="currentColor" stroke-linecap="round" stroke-linejoin="round" overflow="visible"><path d="M12.6667 4.30981L5.97106 13.6431L3.33337 11.0055"></path></svg></div><div class="AvailabilitySection-module_text--zxru7 AvailabilitySection-module_textSmall--n1xcJ">Dostępny tylko online</div></div></div></section></div></div></div><div class="swiper-slide ProductSlider-module_slide--q59i6 mb-4" style="margin-right: 16px;"><div class="ProductTile-module_tile--yFwR2 ProductTile-module_small--bAwXa ProductTile-module_round--R0J7y ProductTile-module_bt--7Rs6T ProductTile-module_br--DiNim ProductTile-module_bb--6rqC2 ProductTile-module_bl--VrBPG " data-testid="product-container"><section><div><div class="HeaderSection-module_headerSection--0ATl3"><div class="HeaderSection-module_badgesSection--2J8Ry"><span class="styles-module_badge--ptqlS  "><span>TYLKO ONLINE</span></span></div><button aria-label="Dodaj do ulubionych" data-testid="product-add-to-favorites-button" class="HeaderSection-module_favoritesBtn--AtrEF snrs-add-to-fav" data-sku="2108272"><svg class="icon HeaderSection-module_icon--izXrZ " width="22" height="20" viewBox="0 0 22 20" fill="none" xmlns="http://www.w3.org/2000/svg"><path d="M11.0002 19L2.47741 9.85496C1.72993 9.09105 1.23535 8.09895 1.06538 7.02248C0.89541 5.94601 1.05887 4.84111 1.53207 3.86794C1.89665 3.13055 2.42251 2.4928 3.0672 2.00617C3.7119 1.51954 4.45737 1.19766 5.24344 1.06652C6.02951 0.935373 6.83416 0.998637 7.59245 1.2512C8.35073 1.50376 9.04141 1.93855 9.60872 2.52047L11.0002 3.84257L12.3917 2.52047C12.9591 1.93874 13.6498 1.50411 14.408 1.25166C15.1663 0.999207 15.9708 0.935998 16.7569 1.06713C17.5429 1.19827 18.2883 1.52007 18.933 2.00658C19.5777 2.4931 20.1036 3.13069 20.4683 3.86794C20.9412 4.84117 21.1046 5.94601 20.9346 7.02241C20.7646 8.09882 20.2702 9.0909 19.523 9.85496L11.0002 19Z" stroke="currentColor" stroke-width="1.5" stroke-linecap="round" stroke-linejoin="round"></path></svg></button></div></div><div class="ProductTile-module_imageSection--4dy3j"><div class="ImageSection-module_imageSection--JW6B4 ImageSection-module_imageSectionSmall--wtsuO  "><a href="/Produkt/Serum-boostery-i-esencje/VT-Cosmetics-Cica-x-Hyalon-Reedle-Shot-300-booster-do-twarzy-poprawiajacy-teksture-skory-50-ml,2108272,13051"><img loading="lazy" src="https://pro-fra-s3-productsassets.rossmann.pl/product_7_small/2108272_338_190_1745841556.webp" alt="VT COSMETICS Cica x Hyalon Reedle Shot 300,booster do twarzy, poprawiający teksturę skóry,kompozycja-2" data-testid="product-image"></a><div class="ImageSection-module_cmpInfoWrapper---gDf+"></div></div></div><div><a href="/Produkt/Serum-boostery-i-esencje/VT-Cosmetics-Cica-x-Hyalon-Reedle-Shot-300-booster-do-twarzy-poprawiajacy-teksture-skory-50-ml,2108272,13051"><div title="VT COSMETICS Cica x Hyalon Reedle Shot 300" class="DescriptionSection-module_brand--+Edq7 DescriptionSection-module_brandSmall--J0DP7" data-testid="product-brand"><strong class="DescriptionSection-module_strongSmall--8u2H2">VT COSMETICS Cica x Hyalon Reedle Shot 300</strong></div><div title="booster do twarzy, poprawiający teksturę skóry" class="DescriptionSection-module_caption--t+QTb DescriptionSection-module_captionSmall--ClR1Q" data-testid="product-caption">booster do twarzy, poprawiający teksturę skóry</div><div class="DescriptionSection-module_unitSmall--AyjB0" data-testid="product-unit">50 ml</div></a></div></section><div class="ProductTile-module_priceBox--SIN7O"><section class="w-100 flex flex-column justify-content-between"><div><div class="PriceSection-module_priceSection--eIBii"><div class="PriceSection-module_priceContainer--SxUEN"><div class="PriceSection-module_priceBox--X1xEI" data-testid="product-current-price-wrapper"><span class="PriceSection-module_price--I18Do PriceSection-module_priceSmall--UhUP0 " data-testid="product-price"><span>149</span><span>,99 zł</span></span></div><span class="PriceSection-module_pricePerUnitSmall--GF40k" data-testid="product-price-per-unit">100 ml = 299,98 zł</span></div><div><button aria-label="Dodaj do koszyka" data-testid="product-add-to-basket-button" class="PriceSection-module_cartBtn--LT628 snrs-add-to-cart" data-sku="2108272" data-name="Cica x Hyalon Reedle Shot 300" data-regular-price="149.99" data-unit-price="100 ml = 299,98 zł" data-link="/Produkt/Serum-boostery-i-esencje/VT-Cosmetics-Cica-x-Hyalon-Reedle-Shot-300-booster-do-twarzy-poprawiajacy-teksture-skory-50-ml,2108272,13051" data-img-link="https://pro-fra-s3-productsassets.rossmann.pl/product_7_medium/2108272_360_350_1745841556.webp" data-labels="[&quot;TYLKO ONLINE&quot;]" data-brand="VT COSMETICS" data-caption="booster do twarzy, poprawiający teksturę skóry" data-unit="50 ml"><svg class="ui-icon " stroke-width="1.8" width="16" height="16" viewBox="0 0 24 24" preserveAspectRatio="" fill="none" stroke="currentColor" stroke-linecap="round" stroke-linejoin="round" overflow="visible"><path d="M3.5 9.47656L6.5 3.47656"></path><path d="M20.5 9.47656L17.5 3.47656"></path><path d="M21.5 12.4766H2.5L4.2 20.9836C4.30662 21.4208 4.56062 21.808 4.91924 22.0799C5.27786 22.3518 5.7192 22.4919 6.169 22.4766H17.831C18.2808 22.4919 18.7221 22.3518 19.0808 22.0799C19.4394 21.808 19.6934 21.4208 19.8 20.9836L21.5 12.4766Z"></path><path d="M21.5 9.47656H2.5C1.94772 9.47656 1.5 9.92428 1.5 10.4766V11.4766C1.5 12.0288 1.94772 12.4766 2.5 12.4766H21.5C22.0523 12.4766 22.5 12.0288 22.5 11.4766V10.4766C22.5 9.92428 22.0523 9.47656 21.5 9.47656Z"></path><path d="M12 15.4766V18.9766"></path><path d="M16.5 15.4766L16 18.9766"></path><path d="M7.5 15.4766L8 18.9766"></path></svg></button></div></div></div><div class="AvailabilitySection-module_section--IibdL AvailabilitySection-module_sectionRound--7ZN6d"><div class="AvailabilitySection-module_record--sV0gc"><div class="AvailabilitySection-module_icon--FClji AvailabilitySection-module_iconHigh--A0P1q"><svg class="ui-icon AvailabilitySection-module_iconCheck--68pbU" stroke-width="1.2" width=" 24" height="24" viewBox="0 0 24 24" preserveAspectRatio="" fill="none" stroke="currentColor" stroke-linecap="round" stroke-linejoin="round" overflow="visible"><path d="M12.6667 4.30981L5.97106 13.6431L3.33337 11.0055"></path></svg></div><div class="AvailabilitySection-module_text--zxru7 AvailabilitySection-module_textSmall--n1xcJ">Dostępny tylko online</div></div></div></section></div></div></div><div class="swiper-slide ProductSlider-module_slide--q59i6 mb-4" style="margin-right: 16px;"><div class="ProductTile-module_tile--yFwR2 ProductTile-module_small--bAwXa ProductTile-module_round--R0J7y ProductTile-module_bt--7Rs6T ProductTile-module_br--DiNim ProductTile-module_bb--6rqC2 ProductTile-module_bl--VrBPG " data-testid="product-container"><section><div><div class="HeaderSection-module_headerSection--0ATl3"><div class="HeaderSection-module_badgesSection--2J8Ry"><span class="styles-module_badge--ptqlS  "><span>TYLKO ONLINE</span></span></div><button aria-label="Dodaj do ulubionych" data-testid="product-add-to-favorites-button" class="HeaderSection-module_favoritesBtn--AtrEF snrs-add-to-fav" data-sku="2011168"><svg class="icon HeaderSection-module_icon--izXrZ " width="22" height="20" viewBox="0 0 22 20" fill="none" xmlns="http://www.w3.org/2000/svg"><path d="M11.0002 19L2.47741 9.85496C1.72993 9.09105 1.23535 8.09895 1.06538 7.02248C0.89541 5.94601 1.05887 4.84111 1.53207 3.86794C1.89665 3.13055 2.42251 2.4928 3.0672 2.00617C3.7119 1.51954 4.45737 1.19766 5.24344 1.06652C6.02951 0.935373 6.83416 0.998637 7.59245 1.2512C8.35073 1.50376 9.04141 1.93855 9.60872 2.52047L11.0002 3.84257L12.3917 2.52047C12.9591 1.93874 13.6498 1.50411 14.408 1.25166C15.1663 0.999207 15.9708 0.935998 16.7569 1.06713C17.5429 1.19827 18.2883 1.52007 18.933 2.00658C19.5777 2.4931 20.1036 3.13069 20.4683 3.86794C20.9412 4.84117 21.1046 5.94601 20.9346 7.02241C20.7646 8.09882 20.2702 9.0909 19.523 9.85496L11.0002 19Z" stroke="currentColor" stroke-width="1.5" stroke-linecap="round" stroke-linejoin="round"></path></svg></button></div></div><div class="ProductTile-module_imageSection--4dy3j"><div class="ImageSection-module_imageSection--JW6B4 ImageSection-module_imageSectionSmall--wtsuO  "><a href="/Produkt/Produkty-po-depilacji/Your-Kaya-Dermo-serum-przeciw-wrastajacym-wloskom-50-ml,2011168,13117"><img loading="lazy" src="https://pro-fra-s3-productsassets.rossmann.pl/product_7_small/2011168_338_190_1736859964.webp" alt="YOUR KAYA Dermo ,serum przeciw wrastającym włoskom,kompozycja-2" data-testid="product-image"></a><div class="ImageSection-module_cmpInfoWrapper---gDf+"></div></div></div><div><a href="/Produkt/Produkty-po-depilacji/Your-Kaya-Dermo-serum-przeciw-wrastajacym-wloskom-50-ml,2011168,13117"><div title="YOUR KAYA Dermo " class="DescriptionSection-module_brand--+Edq7 DescriptionSection-module_brandSmall--J0DP7" data-testid="product-brand"><strong class="DescriptionSection-module_strongSmall--8u2H2">YOUR KAYA Dermo </strong></div><div title="serum przeciw wrastającym włoskom" class="DescriptionSection-module_caption--t+QTb DescriptionSection-module_captionSmall--ClR1Q" data-testid="product-caption">serum przeciw wrastającym włoskom</div><div class="DescriptionSection-module_unitSmall--AyjB0" data-testid="product-unit">50 ml</div></a></div></section><div class="ProductTile-module_priceBox--SIN7O"><section class="w-100 flex flex-column justify-content-between"><div><div class="PriceSection-module_priceSection--eIBii"><div class="PriceSection-module_priceContainer--SxUEN"><div class="PriceSection-module_priceBox--X1xEI" data-testid="product-current-price-wrapper"><span class="PriceSection-module_price--I18Do PriceSection-module_priceSmall--UhUP0 " data-testid="product-price"><span>49</span><span>,99 zł</span></span></div><span class="PriceSection-module_pricePerUnitSmall--GF40k" data-testid="product-price-per-unit">100 ml = 99,98 zł</span></div><div><button aria-label="Dodaj do koszyka" data-testid="product-add-to-basket-button" class="PriceSection-module_cartBtn--LT628 snrs-add-to-cart" data-sku="2011168" data-name="Dermo " data-regular-price="49.99" data-unit-price="100 ml = 99,98 zł" data-link="/Produkt/Produkty-po-depilacji/Your-Kaya-Dermo-serum-przeciw-wrastajacym-wloskom-50-ml,2011168,13117" data-img-link="https://pro-fra-s3-productsassets.rossmann.pl/product_7_medium/2011168_360_350_1736859965.webp" data-labels="[&quot;TYLKO ONLINE&quot;]" data-brand="YOUR KAYA" data-caption="serum przeciw wrastającym włoskom" data-unit="50 ml"><svg class="ui-icon " stroke-width="1.8" width="16" height="16" viewBox="0 0 24 24" preserveAspectRatio="" fill="none" stroke="currentColor" stroke-linecap="round" stroke-linejoin="round" overflow="visible"><path d="M3.5 9.47656L6.5 3.47656"></path><path d="M20.5 9.47656L17.5 3.47656"></path><path d="M21.5 12.4766H2.5L4.2 20.9836C4.30662 21.4208 4.56062 21.808 4.91924 22.0799C5.27786 22.3518 5.7192 22.4919 6.169 22.4766H17.831C18.2808 22.4919 18.7221 22.3518 19.0808 22.0799C19.4394 21.808 19.6934 21.4208 19.8 20.9836L21.5 12.4766Z"></path><path d="M21.5 9.47656H2.5C1.94772 9.47656 1.5 9.92428 1.5 10.4766V11.4766C1.5 12.0288 1.94772 12.4766 2.5 12.4766H21.5C22.0523 12.4766 22.5 12.0288 22.5 11.4766V10.4766C22.5 9.92428 22.0523 9.47656 21.5 9.47656Z"></path><path d="M12 15.4766V18.9766"></path><path d="M16.5 15.4766L16 18.9766"></path><path d="M7.5 15.4766L8 18.9766"></path></svg></button></div></div></div><div class="AvailabilitySection-module_section--IibdL AvailabilitySection-module_sectionRound--7ZN6d"><div class="AvailabilitySection-module_record--sV0gc"><div class="AvailabilitySection-module_icon--FClji AvailabilitySection-module_iconHigh--A0P1q"><svg class="ui-icon AvailabilitySection-module_iconCheck--68pbU" stroke-width="1.2" width=" 24" height="24" viewBox="0 0 24 24" preserveAspectRatio="" fill="none" stroke="currentColor" stroke-linecap="round" stroke-linejoin="round" overflow="visible"><path d="M12.6667 4.30981L5.97106 13.6431L3.33337 11.0055"></path></svg></div><div class="AvailabilitySection-module_text--zxru7 AvailabilitySection-module_textSmall--n1xcJ">Dostępny tylko online</div></div></div></section></div></div></div><div class="swiper-slide ProductSlider-module_slide--q59i6 mb-4" style="margin-right: 16px;"><div class="ProductTile-module_tile--yFwR2 ProductTile-module_small--bAwXa ProductTile-module_round--R0J7y ProductTile-module_bt--7Rs6T ProductTile-module_br--DiNim ProductTile-module_bb--6rqC2 ProductTile-module_bl--VrBPG " data-testid="product-container"><section><div><div class="HeaderSection-module_headerSection--0ATl3"><div class="HeaderSection-module_badgesSection--2J8Ry"><span class="styles-module_badge--ptqlS  "><span>TYLKO ONLINE</span></span></div><button aria-label="Dodaj do ulubionych" data-testid="product-add-to-favorites-button" class="HeaderSection-module_favoritesBtn--AtrEF snrs-add-to-fav" data-sku="2105711"><svg class="icon HeaderSection-module_icon--izXrZ " width="22" height="20" viewBox="0 0 22 20" fill="none" xmlns="http://www.w3.org/2000/svg"><path d="M11.0002 19L2.47741 9.85496C1.72993 9.09105 1.23535 8.09895 1.06538 7.02248C0.89541 5.94601 1.05887 4.84111 1.53207 3.86794C1.89665 3.13055 2.42251 2.4928 3.0672 2.00617C3.7119 1.51954 4.45737 1.19766 5.24344 1.06652C6.02951 0.935373 6.83416 0.998637 7.59245 1.2512C8.35073 1.50376 9.04141 1.93855 9.60872 2.52047L11.0002 3.84257L12.3917 2.52047C12.9591 1.93874 13.6498 1.50411 14.408 1.25166C15.1663 0.999207 15.9708 0.935998 16.7569 1.06713C17.5429 1.19827 18.2883 1.52007 18.933 2.00658C19.5777 2.4931 20.1036 3.13069 20.4683 3.86794C20.9412 4.84117 21.1046 5.94601 20.9346 7.02241C20.7646 8.09882 20.2702 9.0909 19.523 9.85496L11.0002 19Z" stroke="currentColor" stroke-width="1.5" stroke-linecap="round" stroke-linejoin="round"></path></svg></button></div></div><div class="ProductTile-module_imageSection--4dy3j"><div class="ImageSection-module_imageSection--JW6B4 ImageSection-module_imageSectionSmall--wtsuO  "><a href="/Produkt/Podklady-do-twarzy/TIRTIR-Mask-Fit-Red-Cushion-podklad-do-twarzy-kryjacy-nr-13N-Fair-Ivory-4-5-g,2105711,12004"><img loading="lazy" src="https://pro-fra-s3-productsassets.rossmann.pl/product_7_small/2105711_338_190_1737967183.webp" alt="TIRTIR Mask Fit Red Cushion,podkład do twarzy, kryjący, nr 13N Fair Ivory,kompozycja-2" data-testid="product-image"></a><div class="ImageSection-module_cmpInfoWrapper---gDf+"></div></div></div><div><a href="/Produkt/Podklady-do-twarzy/TIRTIR-Mask-Fit-Red-Cushion-podklad-do-twarzy-kryjacy-nr-13N-Fair-Ivory-4-5-g,2105711,12004"><div title="TIRTIR Mask Fit Red Cushion" class="DescriptionSection-module_brand--+Edq7 DescriptionSection-module_brandSmall--J0DP7" data-testid="product-brand"><strong class="DescriptionSection-module_strongSmall--8u2H2">TIRTIR Mask Fit Red Cushion</strong></div><div title="podkład do twarzy, kryjący, nr 13N Fair Ivory" class="DescriptionSection-module_caption--t+QTb DescriptionSection-module_captionSmall--ClR1Q" data-testid="product-caption">podkład do twarzy, kryjący, nr 13N Fair Ivory</div><div class="DescriptionSection-module_unitSmall--AyjB0" data-testid="product-unit">4,5 g</div></a></div></section><div class="ProductTile-module_priceBox--SIN7O"><section class="w-100 flex flex-column justify-content-between"><div><div class="PriceSection-module_priceSection--eIBii"><div class="PriceSection-module_priceContainer--SxUEN"><div class="PriceSection-module_priceBox--X1xEI" data-testid="product-current-price-wrapper"><span class="PriceSection-module_price--I18Do PriceSection-module_priceSmall--UhUP0 " data-testid="product-price"><span>64</span><span>,99 zł</span></span></div><span class="PriceSection-module_pricePerUnitSmall--GF40k" data-testid="product-price-per-unit">100 g = 1444,22 zł</span></div><div><button aria-label="Dodaj do koszyka" data-testid="product-add-to-basket-button" class="PriceSection-module_cartBtn--LT628 snrs-add-to-cart" data-sku="2105711" data-name="Mask Fit Red Cushion" data-regular-price="64.99" data-unit-price="100 g = 1444,22 zł" data-link="/Produkt/Podklady-do-twarzy/TIRTIR-Mask-Fit-Red-Cushion-podklad-do-twarzy-kryjacy-nr-13N-Fair-Ivory-4-5-g,2105711,12004" data-img-link="https://pro-fra-s3-productsassets.rossmann.pl/product_7_medium/2105711_360_350_1737967185.webp" data-labels="[&quot;TYLKO ONLINE&quot;]" data-brand="TIRTIR" data-caption="podkład do twarzy, kryjący, nr 13N Fair Ivory" data-unit="4,5 g"><svg class="ui-icon " stroke-width="1.8" width="16" height="16" viewBox="0 0 24 24" preserveAspectRatio="" fill="none" stroke="currentColor" stroke-linecap="round" stroke-linejoin="round" overflow="visible"><path d="M3.5 9.47656L6.5 3.47656"></path><path d="M20.5 9.47656L17.5 3.47656"></path><path d="M21.5 12.4766H2.5L4.2 20.9836C4.30662 21.4208 4.56062 21.808 4.91924 22.0799C5.27786 22.3518 5.7192 22.4919 6.169 22.4766H17.831C18.2808 22.4919 18.7221 22.3518 19.0808 22.0799C19.4394 21.808 19.6934 21.4208 19.8 20.9836L21.5 12.4766Z"></path><path d="M21.5 9.47656H2.5C1.94772 9.47656 1.5 9.92428 1.5 10.4766V11.4766C1.5 12.0288 1.94772 12.4766 2.5 12.4766H21.5C22.0523 12.4766 22.5 12.0288 22.5 11.4766V10.4766C22.5 9.92428 22.0523 9.47656 21.5 9.47656Z"></path><path d="M12 15.4766V18.9766"></path><path d="M16.5 15.4766L16 18.9766"></path><path d="M7.5 15.4766L8 18.9766"></path></svg></button></div></div></div><div class="AvailabilitySection-module_section--IibdL AvailabilitySection-module_sectionRound--7ZN6d"><div class="AvailabilitySection-module_record--sV0gc"><div class="AvailabilitySection-module_icon--FClji AvailabilitySection-module_iconHigh--A0P1q"><svg class="ui-icon AvailabilitySection-module_iconCheck--68pbU" stroke-width="1.2" width=" 24" height="24" viewBox="0 0 24 24" preserveAspectRatio="" fill="none" stroke="currentColor" stroke-linecap="round" stroke-linejoin="round" overflow="visible"><path d="M12.6667 4.30981L5.97106 13.6431L3.33337 11.0055"></path></svg></div><div class="AvailabilitySection-module_text--zxru7 AvailabilitySection-module_textSmall--n1xcJ">Dostępny tylko online</div></div></div></section></div></div></div><div class="swiper-slide ProductSlider-module_slide--q59i6 mb-4" style="margin-right: 16px;"><div class="ProductTile-module_tile--yFwR2 ProductTile-module_small--bAwXa ProductTile-module_round--R0J7y ProductTile-module_bt--7Rs6T ProductTile-module_br--DiNim ProductTile-module_bb--6rqC2 ProductTile-module_bl--VrBPG " data-testid="product-container"><section><div><div class="HeaderSection-module_headerSection--0ATl3"><div class="HeaderSection-module_badgesSection--2J8Ry"><span class="styles-module_badge--ptqlS  "><span>TYLKO ONLINE</span></span></div><button aria-label="Dodaj do ulubionych" data-testid="product-add-to-favorites-button" class="HeaderSection-module_favoritesBtn--AtrEF snrs-add-to-fav" data-sku="2083799"><svg class="icon HeaderSection-module_icon--izXrZ " width="22" height="20" viewBox="0 0 22 20" fill="none" xmlns="http://www.w3.org/2000/svg"><path d="M11.0002 19L2.47741 9.85496C1.72993 9.09105 1.23535 8.09895 1.06538 7.02248C0.89541 5.94601 1.05887 4.84111 1.53207 3.86794C1.89665 3.13055 2.42251 2.4928 3.0672 2.00617C3.7119 1.51954 4.45737 1.19766 5.24344 1.06652C6.02951 0.935373 6.83416 0.998637 7.59245 1.2512C8.35073 1.50376 9.04141 1.93855 9.60872 2.52047L11.0002 3.84257L12.3917 2.52047C12.9591 1.93874 13.6498 1.50411 14.408 1.25166C15.1663 0.999207 15.9708 0.935998 16.7569 1.06713C17.5429 1.19827 18.2883 1.52007 18.933 2.00658C19.5777 2.4931 20.1036 3.13069 20.4683 3.86794C20.9412 4.84117 21.1046 5.94601 20.9346 7.02241C20.7646 8.09882 20.2702 9.0909 19.523 9.85496L11.0002 19Z" stroke="currentColor" stroke-width="1.5" stroke-linecap="round" stroke-linejoin="round"></path></svg></button></div></div><div class="ProductTile-module_imageSection--4dy3j"><div class="ImageSection-module_imageSection--JW6B4 ImageSection-module_imageSectionSmall--wtsuO  "><a href="/Produkt/Blyszczyki/Rom-nd-Juicy-Lasting-Tint-blyszczyk-do-ust-mocno-napigmentowany-nr-25-Bare-Grape-5-5-g,2083799,13014"><img loading="lazy" src="https://pro-fra-s3-productsassets.rossmann.pl/product_7_small/2083799_338_190_1727431158.webp" alt="ROM&amp;ND Juicy Lasting Tint ,błyszczyk do ust, mocno napigmentowany, nr 25 Bare Grape,kompozycja-2" data-testid="product-image"></a><div class="ImageSection-module_cmpInfoWrapper---gDf+"></div></div></div><div><a href="/Produkt/Blyszczyki/Rom-nd-Juicy-Lasting-Tint-blyszczyk-do-ust-mocno-napigmentowany-nr-25-Bare-Grape-5-5-g,2083799,13014"><div title="ROM&amp;ND Juicy Lasting Tint " class="DescriptionSection-module_brand--+Edq7 DescriptionSection-module_brandSmall--J0DP7" data-testid="product-brand"><strong class="DescriptionSection-module_strongSmall--8u2H2">ROM&amp;ND Juicy Lasting Tint </strong></div><div title="błyszczyk do ust, mocno napigmentowany, nr 25 Bare Grape" class="DescriptionSection-module_caption--t+QTb DescriptionSection-module_captionSmall--ClR1Q" data-testid="product-caption">błyszczyk do ust, mocno napigmentowany, nr 25 Bare Grape</div><div class="DescriptionSection-module_unitSmall--AyjB0" data-testid="product-unit">5,5 g</div></a></div></section><div class="ProductTile-module_priceBox--SIN7O"><section class="w-100 flex flex-column justify-content-between"><div><div class="PriceSection-module_priceSection--eIBii"><div class="PriceSection-module_priceContainer--SxUEN"><div class="PriceSection-module_priceBox--X1xEI" data-testid="product-current-price-wrapper"><span class="PriceSection-module_price--I18Do PriceSection-module_priceSmall--UhUP0 " data-testid="product-price"><span>64</span><span>,99 zł</span></span></div><span class="PriceSection-module_pricePerUnitSmall--GF40k" data-testid="product-price-per-unit">100 g = 1181,64 zł</span></div><div><button aria-label="Dodaj do koszyka" data-testid="product-add-to-basket-button" class="PriceSection-module_cartBtn--LT628 snrs-add-to-cart" data-sku="2083799" data-name="Juicy Lasting Tint " data-regular-price="64.99" data-unit-price="100 g = 1181,64 zł" data-link="/Produkt/Blyszczyki/Rom-nd-Juicy-Lasting-Tint-blyszczyk-do-ust-mocno-napigmentowany-nr-25-Bare-Grape-5-5-g,2083799,13014" data-img-link="https://pro-fra-s3-productsassets.rossmann.pl/product_7_medium/2083799_360_350_1727431159.webp" data-labels="[&quot;TYLKO ONLINE&quot;]" data-brand="ROM&amp;ND" data-caption="błyszczyk do ust, mocno napigmentowany, nr 25 Bare Grape" data-unit="5,5 g"><svg class="ui-icon " stroke-width="1.8" width="16" height="16" viewBox="0 0 24 24" preserveAspectRatio="" fill="none" stroke="currentColor" stroke-linecap="round" stroke-linejoin="round" overflow="visible"><path d="M3.5 9.47656L6.5 3.47656"></path><path d="M20.5 9.47656L17.5 3.47656"></path><path d="M21.5 12.4766H2.5L4.2 20.9836C4.30662 21.4208 4.56062 21.808 4.91924 22.0799C5.27786 22.3518 5.7192 22.4919 6.169 22.4766H17.831C18.2808 22.4919 18.7221 22.3518 19.0808 22.0799C19.4394 21.808 19.6934 21.4208 19.8 20.9836L21.5 12.4766Z"></path><path d="M21.5 9.47656H2.5C1.94772 9.47656 1.5 9.92428 1.5 10.4766V11.4766C1.5 12.0288 1.94772 12.4766 2.5 12.4766H21.5C22.0523 12.4766 22.5 12.0288 22.5 11.4766V10.4766C22.5 9.92428 22.0523 9.47656 21.5 9.47656Z"></path><path d="M12 15.4766V18.9766"></path><path d="M16.5 15.4766L16 18.9766"></path><path d="M7.5 15.4766L8 18.9766"></path></svg></button></div></div></div><div class="AvailabilitySection-module_section--IibdL AvailabilitySection-module_sectionRound--7ZN6d"><div class="AvailabilitySection-module_record--sV0gc"><div class="AvailabilitySection-module_icon--FClji AvailabilitySection-module_iconHigh--A0P1q"><svg class="ui-icon AvailabilitySection-module_iconCheck--68pbU" stroke-width="1.2" width=" 24" height="24" viewBox="0 0 24 24" preserveAspectRatio="" fill="none" stroke="currentColor" stroke-linecap="round" stroke-linejoin="round" overflow="visible"><path d="M12.6667 4.30981L5.97106 13.6431L3.33337 11.0055"></path></svg></div><div class="AvailabilitySection-module_text--zxru7 AvailabilitySection-module_textSmall--n1xcJ">Dostępny tylko online</div></div></div></section></div></div></div><div class="swiper-slide ProductSlider-module_slide--q59i6 mb-4" style="margin-right: 16px;"><div class="ProductTile-module_tile--yFwR2 ProductTile-module_small--bAwXa ProductTile-module_round--R0J7y ProductTile-module_bt--7Rs6T ProductTile-module_br--DiNim ProductTile-module_bb--6rqC2 ProductTile-module_bl--VrBPG " data-testid="product-container"><section><div><div class="HeaderSection-module_headerSection--0ATl3"><div class="HeaderSection-module_badgesSection--2J8Ry"><span class="styles-module_badge--ptqlS  "><span>TYLKO ONLINE</span></span></div><button aria-label="Dodaj do ulubionych" data-testid="product-add-to-favorites-button" class="HeaderSection-module_favoritesBtn--AtrEF snrs-add-to-fav" data-sku="2111011"><svg class="icon HeaderSection-module_icon--izXrZ " width="22" height="20" viewBox="0 0 22 20" fill="none" xmlns="http://www.w3.org/2000/svg"><path d="M11.0002 19L2.47741 9.85496C1.72993 9.09105 1.23535 8.09895 1.06538 7.02248C0.89541 5.94601 1.05887 4.84111 1.53207 3.86794C1.89665 3.13055 2.42251 2.4928 3.0672 2.00617C3.7119 1.51954 4.45737 1.19766 5.24344 1.06652C6.02951 0.935373 6.83416 0.998637 7.59245 1.2512C8.35073 1.50376 9.04141 1.93855 9.60872 2.52047L11.0002 3.84257L12.3917 2.52047C12.9591 1.93874 13.6498 1.50411 14.408 1.25166C15.1663 0.999207 15.9708 0.935998 16.7569 1.06713C17.5429 1.19827 18.2883 1.52007 18.933 2.00658C19.5777 2.4931 20.1036 3.13069 20.4683 3.86794C20.9412 4.84117 21.1046 5.94601 20.9346 7.02241C20.7646 8.09882 20.2702 9.0909 19.523 9.85496L11.0002 19Z" stroke="currentColor" stroke-width="1.5" stroke-linecap="round" stroke-linejoin="round"></path></svg></button></div></div><div class="ProductTile-module_imageSection--4dy3j"><div class="ImageSection-module_imageSection--JW6B4 ImageSection-module_imageSectionSmall--wtsuO  "><a href="/Produkt/Kremy-BB-i-CC/Missha-Perfect-Cover-krem-BB-z-filtrem-SPF42-PA-nr-26-Natural-Caramel-20-ml,2111011,12005"><img loading="lazy" src="https://pro-fra-s3-productsassets.rossmann.pl/product_1_small/2111011_338_190_1745494501.webp" alt="MISSHA Perfect Cover ,krem BB z filtrem SPF42/PA+++, nr 26 Natural Caramel,przód" data-testid="product-image"></a><div class="ImageSection-module_cmpInfoWrapper---gDf+"></div></div></div><div><a href="/Produkt/Kremy-BB-i-CC/Missha-Perfect-Cover-krem-BB-z-filtrem-SPF42-PA-nr-26-Natural-Caramel-20-ml,2111011,12005"><div title="MISSHA Perfect Cover " class="DescriptionSection-module_brand--+Edq7 DescriptionSection-module_brandSmall--J0DP7" data-testid="product-brand"><strong class="DescriptionSection-module_strongSmall--8u2H2">MISSHA Perfect Cover </strong></div><div title="krem BB z filtrem SPF42/PA+++, nr 26 Natural Caramel" class="DescriptionSection-module_caption--t+QTb DescriptionSection-module_captionSmall--ClR1Q" data-testid="product-caption">krem BB z filtrem SPF42/PA+++, nr 26 Natural Caramel</div><div class="DescriptionSection-module_unitSmall--AyjB0" data-testid="product-unit">20 ml</div></a></div></section><div class="ProductTile-module_priceBox--SIN7O"><section class="w-100 flex flex-column justify-content-between"><div><div class="PriceSection-module_priceSection--eIBii"><div class="PriceSection-module_priceContainer--SxUEN"><div class="PriceSection-module_priceBox--X1xEI" data-testid="product-current-price-wrapper"><span class="PriceSection-module_price--I18Do PriceSection-module_priceSmall--UhUP0 " data-testid="product-price"><span>32</span><span>,99 zł</span></span></div><span class="PriceSection-module_pricePerUnitSmall--GF40k" data-testid="product-price-per-unit">100 ml = 164,95 zł</span></div><div><button aria-label="Dodaj do koszyka" data-testid="product-add-to-basket-button" class="PriceSection-module_cartBtn--LT628 snrs-add-to-cart" data-sku="2111011" data-name="Perfect Cover " data-regular-price="32.99" data-unit-price="100 ml = 164,95 zł" data-link="/Produkt/Kremy-BB-i-CC/Missha-Perfect-Cover-krem-BB-z-filtrem-SPF42-PA-nr-26-Natural-Caramel-20-ml,2111011,12005" data-img-link="https://pro-fra-s3-productsassets.rossmann.pl/product_1_medium/2111011_360_350_1745494501.webp" data-labels="[&quot;TYLKO ONLINE&quot;]" data-brand="MISSHA" data-caption="krem BB z filtrem SPF42/PA+++, nr 26 Natural Caramel" data-unit="20 ml"><svg class="ui-icon " stroke-width="1.8" width="16" height="16" viewBox="0 0 24 24" preserveAspectRatio="" fill="none" stroke="currentColor" stroke-linecap="round" stroke-linejoin="round" overflow="visible"><path d="M3.5 9.47656L6.5 3.47656"></path><path d="M20.5 9.47656L17.5 3.47656"></path><path d="M21.5 12.4766H2.5L4.2 20.9836C4.30662 21.4208 4.56062 21.808 4.91924 22.0799C5.27786 22.3518 5.7192 22.4919 6.169 22.4766H17.831C18.2808 22.4919 18.7221 22.3518 19.0808 22.0799C19.4394 21.808 19.6934 21.4208 19.8 20.9836L21.5 12.4766Z"></path><path d="M21.5 9.47656H2.5C1.94772 9.47656 1.5 9.92428 1.5 10.4766V11.4766C1.5 12.0288 1.94772 12.4766 2.5 12.4766H21.5C22.0523 12.4766 22.5 12.0288 22.5 11.4766V10.4766C22.5 9.92428 22.0523 9.47656 21.5 9.47656Z"></path><path d="M12 15.4766V18.9766"></path><path d="M16.5 15.4766L16 18.9766"></path><path d="M7.5 15.4766L8 18.9766"></path></svg></button></div></div></div><div class="AvailabilitySection-module_section--IibdL AvailabilitySection-module_sectionRound--7ZN6d"><div class="AvailabilitySection-module_record--sV0gc"><div class="AvailabilitySection-module_icon--FClji AvailabilitySection-module_iconHigh--A0P1q"><svg class="ui-icon AvailabilitySection-module_iconCheck--68pbU" stroke-width="1.2" width=" 24" height="24" viewBox="0 0 24 24" preserveAspectRatio="" fill="none" stroke="currentColor" stroke-linecap="round" stroke-linejoin="round" overflow="visible"><path d="M12.6667 4.30981L5.97106 13.6431L3.33337 11.0055"></path></svg></div><div class="AvailabilitySection-module_text--zxru7 AvailabilitySection-module_textSmall--n1xcJ">Dostępny tylko online</div></div></div></section></div></div></div><div class="swiper-slide ProductSlider-module_slide--q59i6 mb-4" style="margin-right: 16px;"><div class="ProductTile-module_tile--yFwR2 ProductTile-module_small--bAwXa ProductTile-module_round--R0J7y ProductTile-module_bt--7Rs6T ProductTile-module_br--DiNim ProductTile-module_bb--6rqC2 ProductTile-module_bl--VrBPG " data-testid="product-container"><section><div><div class="HeaderSection-module_headerSection--0ATl3"><div class="HeaderSection-module_badgesSection--2J8Ry"><span class="styles-module_badge--ptqlS styles-module_rossmann--AbYWx "><span>TYLKO U NAS</span></span><span class="styles-module_badge--ptqlS  "><span>TYLKO ONLINE</span></span></div><button aria-label="Dodaj do ulubionych" data-testid="product-add-to-favorites-button" class="HeaderSection-module_favoritesBtn--AtrEF snrs-add-to-fav" data-sku="2098737"><svg class="icon HeaderSection-module_icon--izXrZ " width="22" height="20" viewBox="0 0 22 20" fill="none" xmlns="http://www.w3.org/2000/svg"><path d="M11.0002 19L2.47741 9.85496C1.72993 9.09105 1.23535 8.09895 1.06538 7.02248C0.89541 5.94601 1.05887 4.84111 1.53207 3.86794C1.89665 3.13055 2.42251 2.4928 3.0672 2.00617C3.7119 1.51954 4.45737 1.19766 5.24344 1.06652C6.02951 0.935373 6.83416 0.998637 7.59245 1.2512C8.35073 1.50376 9.04141 1.93855 9.60872 2.52047L11.0002 3.84257L12.3917 2.52047C12.9591 1.93874 13.6498 1.50411 14.408 1.25166C15.1663 0.999207 15.9708 0.935998 16.7569 1.06713C17.5429 1.19827 18.2883 1.52007 18.933 2.00658C19.5777 2.4931 20.1036 3.13069 20.4683 3.86794C20.9412 4.84117 21.1046 5.94601 20.9346 7.02241C20.7646 8.09882 20.2702 9.0909 19.523 9.85496L11.0002 19Z" stroke="currentColor" stroke-width="1.5" stroke-linecap="round" stroke-linejoin="round"></path></svg></button></div></div><div class="ProductTile-module_imageSection--4dy3j"><div class="ImageSection-module_imageSection--JW6B4 ImageSection-module_imageSectionSmall--wtsuO  "><a href="/Produkt/Preparaty-punktowe/Selfie-Project-StopSpots-plastry-na-wypryski-Flowers-20-szt,2098737,13052"><img loading="lazy" src="https://pro-fra-s3-productsassets.rossmann.pl/product_1_small/2098737_338_190_1731410029.webp" alt="SELFIE PROJECT #StopSpots ,plastry na wypryski, Flowers,przód" data-testid="product-image"></a><div class="ImageSection-module_cmpInfoWrapper---gDf+"></div></div></div><div><a href="/Produkt/Preparaty-punktowe/Selfie-Project-StopSpots-plastry-na-wypryski-Flowers-20-szt,2098737,13052"><div title="SELFIE PROJECT #StopSpots " class="DescriptionSection-module_brand--+Edq7 DescriptionSection-module_brandSmall--J0DP7" data-testid="product-brand"><strong class="DescriptionSection-module_strongSmall--8u2H2">SELFIE PROJECT #StopSpots </strong></div><div title="plastry na wypryski, Flowers" class="DescriptionSection-module_caption--t+QTb DescriptionSection-module_captionSmall--ClR1Q" data-testid="product-caption">plastry na wypryski, Flowers</div><div class="DescriptionSection-module_unitSmall--AyjB0" data-testid="product-unit">20 szt.</div></a></div></section><div class="ProductTile-module_priceBox--SIN7O"><section class="w-100 flex flex-column justify-content-between"><div><div class="PriceSection-module_priceSection--eIBii"><div class="PriceSection-module_priceContainer--SxUEN"><div class="PriceSection-module_priceBox--X1xEI" data-testid="product-current-price-wrapper"><span class="PriceSection-module_price--I18Do PriceSection-module_priceSmall--UhUP0 " data-testid="product-price"><span>13</span><span>,99 zł</span></span></div><span class="PriceSection-module_pricePerUnitSmall--GF40k" data-testid="product-price-per-unit">1 szt. = 0,70 zł</span></div><div><button aria-label="Dodaj do koszyka" data-testid="product-add-to-basket-button" class="PriceSection-module_cartBtn--LT628 snrs-add-to-cart" data-sku="2098737" data-name="#StopSpots " data-regular-price="13.99" data-unit-price="1 szt. = 0,70 zł" data-link="/Produkt/Preparaty-punktowe/Selfie-Project-StopSpots-plastry-na-wypryski-Flowers-20-szt,2098737,13052" data-img-link="https://pro-fra-s3-productsassets.rossmann.pl/product_1_medium/2098737_360_350_1731410030.webp" data-labels="[&quot;TYLKO U NAS&quot;,&quot;TYLKO ONLINE&quot;]" data-brand="SELFIE PROJECT" data-caption="plastry na wypryski, Flowers" data-unit="20 szt."><svg class="ui-icon " stroke-width="1.8" width="16" height="16" viewBox="0 0 24 24" preserveAspectRatio="" fill="none" stroke="currentColor" stroke-linecap="round" stroke-linejoin="round" overflow="visible"><path d="M3.5 9.47656L6.5 3.47656"></path><path d="M20.5 9.47656L17.5 3.47656"></path><path d="M21.5 12.4766H2.5L4.2 20.9836C4.30662 21.4208 4.56062 21.808 4.91924 22.0799C5.27786 22.3518 5.7192 22.4919 6.169 22.4766H17.831C18.2808 22.4919 18.7221 22.3518 19.0808 22.0799C19.4394 21.808 19.6934 21.4208 19.8 20.9836L21.5 12.4766Z"></path><path d="M21.5 9.47656H2.5C1.94772 9.47656 1.5 9.92428 1.5 10.4766V11.4766C1.5 12.0288 1.94772 12.4766 2.5 12.4766H21.5C22.0523 12.4766 22.5 12.0288 22.5 11.4766V10.4766C22.5 9.92428 22.0523 9.47656 21.5 9.47656Z"></path><path d="M12 15.4766V18.9766"></path><path d="M16.5 15.4766L16 18.9766"></path><path d="M7.5 15.4766L8 18.9766"></path></svg></button></div></div></div><div class="AvailabilitySection-module_section--IibdL AvailabilitySection-module_sectionRound--7ZN6d"><div class="AvailabilitySection-module_record--sV0gc"><div class="AvailabilitySection-module_icon--FClji AvailabilitySection-module_iconHigh--A0P1q"><svg class="ui-icon AvailabilitySection-module_iconCheck--68pbU" stroke-width="1.2" width=" 24" height="24" viewBox="0 0 24 24" preserveAspectRatio="" fill="none" stroke="currentColor" stroke-linecap="round" stroke-linejoin="round" overflow="visible"><path d="M12.6667 4.30981L5.97106 13.6431L3.33337 11.0055"></path></svg></div><div class="AvailabilitySection-module_text--zxru7 AvailabilitySection-module_textSmall--n1xcJ">Dostępny tylko online</div></div></div></section></div></div></div><div class="swiper-slide ProductSlider-module_slide--q59i6 mb-4" style="margin-right: 16px;"><div class="ProductTile-module_tile--yFwR2 ProductTile-module_small--bAwXa ProductTile-module_round--R0J7y ProductTile-module_bt--7Rs6T ProductTile-module_br--DiNim ProductTile-module_bb--6rqC2 ProductTile-module_bl--VrBPG " data-testid="product-container"><section><div><div class="HeaderSection-module_headerSection--0ATl3"><div class="HeaderSection-module_badgesSection--2J8Ry"><span class="styles-module_badge--ptqlS  "><span>TYLKO ONLINE</span></span></div><button aria-label="Dodaj do ulubionych" data-testid="product-add-to-favorites-button" class="HeaderSection-module_favoritesBtn--AtrEF snrs-add-to-fav" data-sku="2112010"><svg class="icon HeaderSection-module_icon--izXrZ " width="22" height="20" viewBox="0 0 22 20" fill="none" xmlns="http://www.w3.org/2000/svg"><path d="M11.0002 19L2.47741 9.85496C1.72993 9.09105 1.23535 8.09895 1.06538 7.02248C0.89541 5.94601 1.05887 4.84111 1.53207 3.86794C1.89665 3.13055 2.42251 2.4928 3.0672 2.00617C3.7119 1.51954 4.45737 1.19766 5.24344 1.06652C6.02951 0.935373 6.83416 0.998637 7.59245 1.2512C8.35073 1.50376 9.04141 1.93855 9.60872 2.52047L11.0002 3.84257L12.3917 2.52047C12.9591 1.93874 13.6498 1.50411 14.408 1.25166C15.1663 0.999207 15.9708 0.935998 16.7569 1.06713C17.5429 1.19827 18.2883 1.52007 18.933 2.00658C19.5777 2.4931 20.1036 3.13069 20.4683 3.86794C20.9412 4.84117 21.1046 5.94601 20.9346 7.02241C20.7646 8.09882 20.2702 9.0909 19.523 9.85496L11.0002 19Z" stroke="currentColor" stroke-width="1.5" stroke-linecap="round" stroke-linejoin="round"></path></svg></button></div></div><div class="ProductTile-module_imageSection--4dy3j"><div class="ImageSection-module_imageSection--JW6B4 ImageSection-module_imageSectionSmall--wtsuO  "><a href="/Produkt/Pudry/Catrice-Magic-Shine-Eraser-puder-do-twarzy-w-zelu-matujacy-nr-010-Camera-Ready-10-g,2112010,12007"><img loading="lazy" src="https://pro-fra-s3-productsassets.rossmann.pl/product_1_small/2112010_338_190_1747655858.webp" alt="CATRICE Magic Shine Eraser ,puder do twarzy, w żelu, matujący, nr 010 Camera Ready,przód" data-testid="product-image"></a><div class="ImageSection-module_cmpInfoWrapper---gDf+"></div></div></div><div><a href="/Produkt/Pudry/Catrice-Magic-Shine-Eraser-puder-do-twarzy-w-zelu-matujacy-nr-010-Camera-Ready-10-g,2112010,12007"><div title="CATRICE Magic Shine Eraser " class="DescriptionSection-module_brand--+Edq7 DescriptionSection-module_brandSmall--J0DP7" data-testid="product-brand"><strong class="DescriptionSection-module_strongSmall--8u2H2">CATRICE Magic Shine Eraser </strong></div><div title="puder do twarzy, w żelu, matujący, nr 010 Camera Ready" class="DescriptionSection-module_caption--t+QTb DescriptionSection-module_captionSmall--ClR1Q" data-testid="product-caption">puder do twarzy, w żelu, matujący, nr 010 Camera Ready</div><div class="DescriptionSection-module_unitSmall--AyjB0" data-testid="product-unit">10 g</div></a></div></section><div class="ProductTile-module_priceBox--SIN7O"><section class="w-100 flex flex-column justify-content-between"><div><div class="PriceSection-module_priceSection--eIBii"><div class="PriceSection-module_priceContainer--SxUEN"><div class="PriceSection-module_priceBox--X1xEI" data-testid="product-current-price-wrapper"><span class="PriceSection-module_price--I18Do PriceSection-module_priceSmall--UhUP0 " data-testid="product-price"><span>24</span><span>,49 zł</span></span></div><span class="PriceSection-module_pricePerUnitSmall--GF40k" data-testid="product-price-per-unit">100 g = 244,90 zł</span></div><div><button aria-label="Dodaj do koszyka" data-testid="product-add-to-basket-button" class="PriceSection-module_cartBtn--LT628 snrs-add-to-cart" data-sku="2112010" data-name="Magic Shine Eraser " data-regular-price="24.49" data-unit-price="100 g = 244,90 zł" data-link="/Produkt/Pudry/Catrice-Magic-Shine-Eraser-puder-do-twarzy-w-zelu-matujacy-nr-010-Camera-Ready-10-g,2112010,12007" data-img-link="https://pro-fra-s3-productsassets.rossmann.pl/product_1_medium/2112010_360_350_1747655863.webp" data-labels="[&quot;TYLKO ONLINE&quot;]" data-brand="CATRICE" data-caption="puder do twarzy, w żelu, matujący, nr 010 Camera Ready" data-unit="10 g"><svg class="ui-icon " stroke-width="1.8" width="16" height="16" viewBox="0 0 24 24" preserveAspectRatio="" fill="none" stroke="currentColor" stroke-linecap="round" stroke-linejoin="round" overflow="visible"><path d="M3.5 9.47656L6.5 3.47656"></path><path d="M20.5 9.47656L17.5 3.47656"></path><path d="M21.5 12.4766H2.5L4.2 20.9836C4.30662 21.4208 4.56062 21.808 4.91924 22.0799C5.27786 22.3518 5.7192 22.4919 6.169 22.4766H17.831C18.2808 22.4919 18.7221 22.3518 19.0808 22.0799C19.4394 21.808 19.6934 21.4208 19.8 20.9836L21.5 12.4766Z"></path><path d="M21.5 9.47656H2.5C1.94772 9.47656 1.5 9.92428 1.5 10.4766V11.4766C1.5 12.0288 1.94772 12.4766 2.5 12.4766H21.5C22.0523 12.4766 22.5 12.0288 22.5 11.4766V10.4766C22.5 9.92428 22.0523 9.47656 21.5 9.47656Z"></path><path d="M12 15.4766V18.9766"></path><path d="M16.5 15.4766L16 18.9766"></path><path d="M7.5 15.4766L8 18.9766"></path></svg></button></div></div></div><div class="AvailabilitySection-module_section--IibdL AvailabilitySection-module_sectionRound--7ZN6d"><div class="AvailabilitySection-module_record--sV0gc"><div class="AvailabilitySection-module_icon--FClji AvailabilitySection-module_iconHigh--A0P1q"><svg class="ui-icon AvailabilitySection-module_iconCheck--68pbU" stroke-width="1.2" width=" 24" height="24" viewBox="0 0 24 24" preserveAspectRatio="" fill="none" stroke="currentColor" stroke-linecap="round" stroke-linejoin="round" overflow="visible"><path d="M12.6667 4.30981L5.97106 13.6431L3.33337 11.0055"></path></svg></div><div class="AvailabilitySection-module_text--zxru7 AvailabilitySection-module_textSmall--n1xcJ">Dostępny tylko online</div></div></div></section></div></div></div></div></div><section class="hidden flex:md place-self-end mb-1 mr-3 g-3 SwiperNavigation-module_navigation--vkoIZ  g-3"><button class="SwiperNavigation-module_button--GUJNY Button-module_button--6GOIQ Button-module_large--xQ8J+ Button-module_icon--MEzGO Button-module_secondary--KXMX3 swiper-button-disabled" id="prev_936b2a35-10e6-4a24-b87d-153500108490" aria-label="Poprzedni slajd" disabled=""><svg class="ui-icon " stroke-width="1.2" width=" 24" height="24" viewBox="0 0 24 24" preserveAspectRatio="" fill="none" stroke="currentColor" stroke-linecap="round" stroke-linejoin="round" overflow="visible"><path d="M4 12H20M4 12C4 11.8968 4.02268 11.7941 4.06652 11.7C4.11037 11.606 4.17438 11.5221 4.25431 11.4538L13 4M4 12C4 12.1032 4.02268 12.2045 4.06652 12.2985C4.11037 12.3925 4.17438 12.4765 4.25431 12.5447L13 20"></path></svg></button><button class="SwiperNavigation-module_button--GUJNY Button-module_button--6GOIQ Button-module_large--xQ8J+ Button-module_icon--MEzGO Button-module_secondary--KXMX3" id="next_936b2a35-10e6-4a24-b87d-153500108490" aria-label="Następny slajd"><svg class="ui-icon " stroke-width="1.2" width=" 24" height="24" viewBox="0 0 24 24" preserveAspectRatio="" fill="none" stroke="currentColor" stroke-linecap="round" stroke-linejoin="round" overflow="visible"><path d="M20 12L4 12M20 12C20 12.1032 19.9773 12.2059 19.9335 12.3C19.8896 12.394 19.8256 12.4779 19.7457 12.5462L11 20M20 12C20 11.8968 19.9773 11.7955 19.9335 11.7015C19.8896 11.6075 19.8256 11.5235 19.7457 11.4553L11 4"></path></svg></button></section></div></section></section>

Sekcja 6 (analogicznie do Sekcji 2):
<section class="layout-2024 py-3 py-6:lg overflow-hidden HvisStyles-module_containerHvisMode--hRo5h" style="background: linear-gradient(to bottom right, var(--beige-0), var(--beige-0));"><section class="relative Container-module_container--NRjJ9"><section class="flex flex-column g-2 text-medium:md hidden:lg mb-3"><div class="flex content-end items-baseline items-start:md g-2"><a class="p-0 flex-fill m-0 Button-module_button--6GOIQ px-0" href="https://www.rossmann.pl/produkty?Campaign=COLLISTAR%20GRATIS%2001-18.08&amp;SpecialCampaigns=b63e2d91-5172-4aeb-a4e3-4865b493ae16"><h2 class="text-medium lead-small:md lead-medium:lg strong flex-fill m-0">Praktyczna kosmetyczka dla Ciebie!</h2></a><a class="nowrap Button-module_button--6GOIQ px-0" href="https://www.rossmann.pl/produkty?Campaign=COLLISTAR%20GRATIS%2001-18.08&amp;SpecialCampaigns=b63e2d91-5172-4aeb-a4e3-4865b493ae16">Kupuję online<svg class="ui-icon " stroke-width="1.2" width=" 24" height="24" viewBox="0 0 24 24" preserveAspectRatio="" fill="none" stroke="currentColor" stroke-linecap="round" stroke-linejoin="round" overflow="visible"><path d="M9 18L14.9208 12.1951C14.9457 12.1707 14.9657 12.1406 14.9793 12.107C14.9929 12.0733 15 12.0369 15 12C15 11.9631 14.9929 11.9267 14.9793 11.893C14.9657 11.8594 14.9457 11.8293 14.9208 11.8049L9 6"></path></svg></a></div><a href="https://www.rossmann.pl/produkty?Campaign=COLLISTAR%20GRATIS%2001-18.08&amp;SpecialCampaigns=b63e2d91-5172-4aeb-a4e3-4865b493ae16">Kup online produkt Collistar, a otrzymasz prezent*</a></section><div class="ui-row"><div class="column-4:md mb-n10 mb-0:md relative"><a href="https://www.rossmann.pl/produkty?Campaign=COLLISTAR%20GRATIS%2001-18.08&amp;SpecialCampaigns=b63e2d91-5172-4aeb-a4e3-4865b493ae16"><picture class="rounded:md overflow-hidden block aspect-6by7 aspect-16by25:md mx-n3 mx-0:md"><source media="(max-width: 720px)" srcset="https://pro-fra-s3-dashboards.rossmann.pl/f4a0ed1c-d42e-4e20-9bf3-dedb19d51e71.png"><img alt="Baner Collistar z kosmetyczką, tuszem i szminką – prezent przy zakupie online, jasne tło, elegancka kompozycja." loading="lazy" src="https://pro-fra-s3-dashboards.rossmann.pl/4895ff9b-ba0e-4a15-9ef3-0d692458b437.png" fetchpriority="auto"></picture></a></div><div class="column-8:md mt-n10 mt-0:md"><section class="flex flex-column g-2 text-medium:md hidden flex:lg mb-4"><div class="flex content-end items-baseline items-start:md g-2"><a class="p-0 flex-fill m-0 Button-module_button--6GOIQ px-0" href="https://www.rossmann.pl/produkty?Campaign=COLLISTAR%20GRATIS%2001-18.08&amp;SpecialCampaigns=b63e2d91-5172-4aeb-a4e3-4865b493ae16"><h2 class="text-medium lead-small:md lead-medium:lg strong flex-fill m-0">Praktyczna kosmetyczka dla Ciebie!</h2></a><a class="nowrap Button-module_button--6GOIQ px-0" href="https://www.rossmann.pl/produkty?Campaign=COLLISTAR%20GRATIS%2001-18.08&amp;SpecialCampaigns=b63e2d91-5172-4aeb-a4e3-4865b493ae16">Kupuję online<svg class="ui-icon " stroke-width="1.2" width=" 24" height="24" viewBox="0 0 24 24" preserveAspectRatio="" fill="none" stroke="currentColor" stroke-linecap="round" stroke-linejoin="round" overflow="visible"><path d="M9 18L14.9208 12.1951C14.9457 12.1707 14.9657 12.1406 14.9793 12.107C14.9929 12.0733 15 12.0369 15 12C15 11.9631 14.9929 11.9267 14.9793 11.893C14.9657 11.8594 14.9457 11.8293 14.9208 11.8049L9 6"></path></svg></a></div><a href="https://www.rossmann.pl/produkty?Campaign=COLLISTAR%20GRATIS%2001-18.08&amp;SpecialCampaigns=b63e2d91-5172-4aeb-a4e3-4865b493ae16">Kup online produkt Collistar, a otrzymasz prezent*</a></section><div class="flex flex-column"><div class="swiper swiper-initialized swiper-horizontal pl-3 pr-4 pr-3:md mx-n3"><div class="swiper-wrapper" style="transform: translate3d(0px, 0px, 0px);"><div class="swiper-slide swiper-slide-active ProductSlider-module_slideWithImage--jP2ra mb-4" style="margin-right: 16px;"><div class="ProductTile-module_tile--yFwR2 ProductTile-module_small--bAwXa ProductTile-module_round--R0J7y ProductTile-module_bt--7Rs6T ProductTile-module_br--DiNim ProductTile-module_bb--6rqC2 ProductTile-module_bl--VrBPG " data-testid="product-container"><section><div><div class="HeaderSection-module_headerSection--0ATl3"><div class="HeaderSection-module_badgesSection--2J8Ry"><span class="styles-module_badge--ptqlS styles-module_mega--gSaUd "><span>MEGA!</span></span><span class="styles-module_badge--ptqlS  "><span>TYLKO ONLINE</span></span></div><button aria-label="Dodaj do ulubionych" data-testid="product-add-to-favorites-button" class="HeaderSection-module_favoritesBtn--AtrEF snrs-add-to-fav" data-sku="2109704"><svg class="icon HeaderSection-module_icon--izXrZ " width="22" height="20" viewBox="0 0 22 20" fill="none" xmlns="http://www.w3.org/2000/svg"><path d="M11.0002 19L2.47741 9.85496C1.72993 9.09105 1.23535 8.09895 1.06538 7.02248C0.89541 5.94601 1.05887 4.84111 1.53207 3.86794C1.89665 3.13055 2.42251 2.4928 3.0672 2.00617C3.7119 1.51954 4.45737 1.19766 5.24344 1.06652C6.02951 0.935373 6.83416 0.998637 7.59245 1.2512C8.35073 1.50376 9.04141 1.93855 9.60872 2.52047L11.0002 3.84257L12.3917 2.52047C12.9591 1.93874 13.6498 1.50411 14.408 1.25166C15.1663 0.999207 15.9708 0.935998 16.7569 1.06713C17.5429 1.19827 18.2883 1.52007 18.933 2.00658C19.5777 2.4931 20.1036 3.13069 20.4683 3.86794C20.9412 4.84117 21.1046 5.94601 20.9346 7.02241C20.7646 8.09882 20.2702 9.0909 19.523 9.85496L11.0002 19Z" stroke="currentColor" stroke-width="1.5" stroke-linecap="round" stroke-linejoin="round"></path></svg></button></div></div><div class="ProductTile-module_imageSection--4dy3j"><div class="ImageSection-module_imageSection--JW6B4 ImageSection-module_imageSectionSmall--wtsuO  "><a href="/Produkt/Samoopalacze/Collistar-Magic-Drops-serum-samoopalajace-w-kroplach-do-ciala-i-nog-125-ml,2109704,13126"><img loading="lazy" src="https://pro-fra-s3-productsassets.rossmann.pl/product_7_small/2109704_338_190_1744272390.webp" alt="COLLISTAR Magic Drops ,serum samoopalające w kroplach, do ciała i nóg,kompozycja-2" data-testid="product-image"></a><div class="ImageSection-module_cmpInfoWrapper---gDf+"></div></div></div><div><a href="/Produkt/Samoopalacze/Collistar-Magic-Drops-serum-samoopalajace-w-kroplach-do-ciala-i-nog-125-ml,2109704,13126"><div title="COLLISTAR Magic Drops " class="DescriptionSection-module_brand--+Edq7 DescriptionSection-module_brandSmall--J0DP7" data-testid="product-brand"><strong class="DescriptionSection-module_strongSmall--8u2H2">COLLISTAR Magic Drops </strong></div><div title="serum samoopalające w kroplach, do ciała i nóg" class="DescriptionSection-module_caption--t+QTb DescriptionSection-module_captionSmall--ClR1Q" data-testid="product-caption">serum samoopalające w kroplach, do ciała i nóg</div><div class="DescriptionSection-module_unitSmall--AyjB0" data-testid="product-unit">125 ml</div></a></div></section><div class="ProductTile-module_priceBox--SIN7O"><section class="w-100 flex flex-column justify-content-between"><div><div class="PriceSection-module_priceSection--eIBii"><div class="PriceSection-module_priceContainer--SxUEN"><div class="PriceSection-module_priceBox--X1xEI" data-testid="product-current-price-wrapper"><span class="PriceSection-module_price--I18Do PriceSection-module_priceSmall--UhUP0 PriceSection-module_pricePromotion--4NEgk" data-testid="product-price"><span>104</span><span>,99 zł</span></span></div><span class="PriceSection-module_pricePerUnitSmall--GF40k" data-testid="product-price-per-unit">100 ml = 83,99 zł</span></div><div><button aria-label="Dodaj do koszyka" data-testid="product-add-to-basket-button" class="PriceSection-module_cartBtn--LT628 snrs-add-to-cart" data-sku="2109704" data-name="Magic Drops " data-regular-price="149.99" data-promo-price="104.99" data-omnibus-price="149.99" data-unit-price="100 ml = 83,99 zł" data-link="/Produkt/Samoopalacze/Collistar-Magic-Drops-serum-samoopalajace-w-kroplach-do-ciala-i-nog-125-ml,2109704,13126" data-img-link="https://pro-fra-s3-productsassets.rossmann.pl/product_7_medium/2109704_360_350_1744272391.webp" data-labels="[&quot;MEGA!&quot;,&quot;TYLKO ONLINE&quot;]" data-brand="COLLISTAR" data-caption="serum samoopalające w kroplach, do ciała i nóg" data-unit="125 ml"><svg class="ui-icon " stroke-width="1.8" width="16" height="16" viewBox="0 0 24 24" preserveAspectRatio="" fill="none" stroke="currentColor" stroke-linecap="round" stroke-linejoin="round" overflow="visible"><path d="M3.5 9.47656L6.5 3.47656"></path><path d="M20.5 9.47656L17.5 3.47656"></path><path d="M21.5 12.4766H2.5L4.2 20.9836C4.30662 21.4208 4.56062 21.808 4.91924 22.0799C5.27786 22.3518 5.7192 22.4919 6.169 22.4766H17.831C18.2808 22.4919 18.7221 22.3518 19.0808 22.0799C19.4394 21.808 19.6934 21.4208 19.8 20.9836L21.5 12.4766Z"></path><path d="M21.5 9.47656H2.5C1.94772 9.47656 1.5 9.92428 1.5 10.4766V11.4766C1.5 12.0288 1.94772 12.4766 2.5 12.4766H21.5C22.0523 12.4766 22.5 12.0288 22.5 11.4766V10.4766C22.5 9.92428 22.0523 9.47656 21.5 9.47656Z"></path><path d="M12 15.4766V18.9766"></path><path d="M16.5 15.4766L16 18.9766"></path><path d="M7.5 15.4766L8 18.9766"></path></svg></button></div></div><div class="PriceDetailSection-module_section--GiX3L" data-testid="product-omnibus"><div class="tile-product__lowest-price"><div class="LowestPrice-module_text--cofnN LowestPrice-module_textSmall--57oJQ"><span>Najniższa cena: </span><span data-testid="lowest-price-in-30-days" class="LowestPrice-module_price--E4qKq ml-1"><span data-testid="product-price" class="styles-module_strike--3Okb2  styles-module_xxxSmall--DH55z styles-module_price--9IDpJ">149<span class="styles-module_price--9IDpJ">,99</span> <span>zł</span></span></span><button aria-label="Najniższa cena z 30 dni przed obniżką" data-state="closed" class="OmnibusTrigger-module_button--G5UaQ"><svg class="ui-icon " stroke-width="1.2" width="16" height="16" viewBox="0 0 24 24" preserveAspectRatio="" fill="none" stroke="currentColor" stroke-linecap="round" stroke-linejoin="round" overflow="visible"><path d="M12 22C17.5228 22 22 17.5228 22 12C22 6.47714 17.5228 2 12 2C6.47715 2 2 6.47714 2 12C2 17.5228 6.47715 22 12 22Z"></path><path d="M14 17H12.6667C12.4309 17 12.2048 16.8946 12.0381 16.7071C11.8715 16.5196 11.7778 16.2652 11.7778 16V10.5C11.7778 10.3674 11.7309 10.2402 11.6476 10.1465C11.5643 10.0527 11.4512 10 11.3333 10H10"></path><path d="M11.7415 7C11.6034 7 11.4915 6.88807 11.4915 6.75C11.4915 6.61193 11.6034 6.5 11.7415 6.5"></path><path d="M11.7415 7C11.8795 7 11.9915 6.88807 11.9915 6.75C11.9915 6.61193 11.8795 6.5 11.7415 6.5"></path></svg></button></div></div></div></div><div class="AvailabilitySection-module_section--IibdL AvailabilitySection-module_sectionRound--7ZN6d"><div class="AvailabilitySection-module_record--sV0gc"><div class="AvailabilitySection-module_icon--FClji AvailabilitySection-module_iconHigh--A0P1q"><svg class="ui-icon AvailabilitySection-module_iconCheck--68pbU" stroke-width="1.2" width=" 24" height="24" viewBox="0 0 24 24" preserveAspectRatio="" fill="none" stroke="currentColor" stroke-linecap="round" stroke-linejoin="round" overflow="visible"><path d="M12.6667 4.30981L5.97106 13.6431L3.33337 11.0055"></path></svg></div><div class="AvailabilitySection-module_text--zxru7 AvailabilitySection-module_textSmall--n1xcJ">Dostępny tylko online</div></div></div></section></div></div></div><div class="swiper-slide swiper-slide-next ProductSlider-module_slideWithImage--jP2ra mb-4" style="margin-right: 16px;"><div class="ProductTile-module_tile--yFwR2 ProductTile-module_small--bAwXa ProductTile-module_round--R0J7y ProductTile-module_bt--7Rs6T ProductTile-module_br--DiNim ProductTile-module_bb--6rqC2 ProductTile-module_bl--VrBPG " data-testid="product-container"><section><div><div class="HeaderSection-module_headerSection--0ATl3"><div class="HeaderSection-module_badgesSection--2J8Ry"><span class="styles-module_badge--ptqlS  "><span>TYLKO ONLINE</span></span></div><button aria-label="Dodaj do ulubionych" data-testid="product-add-to-favorites-button" class="HeaderSection-module_favoritesBtn--AtrEF snrs-add-to-fav" data-sku="2113298"><svg class="icon HeaderSection-module_icon--izXrZ " width="22" height="20" viewBox="0 0 22 20" fill="none" xmlns="http://www.w3.org/2000/svg"><path d="M11.0002 19L2.47741 9.85496C1.72993 9.09105 1.23535 8.09895 1.06538 7.02248C0.89541 5.94601 1.05887 4.84111 1.53207 3.86794C1.89665 3.13055 2.42251 2.4928 3.0672 2.00617C3.7119 1.51954 4.45737 1.19766 5.24344 1.06652C6.02951 0.935373 6.83416 0.998637 7.59245 1.2512C8.35073 1.50376 9.04141 1.93855 9.60872 2.52047L11.0002 3.84257L12.3917 2.52047C12.9591 1.93874 13.6498 1.50411 14.408 1.25166C15.1663 0.999207 15.9708 0.935998 16.7569 1.06713C17.5429 1.19827 18.2883 1.52007 18.933 2.00658C19.5777 2.4931 20.1036 3.13069 20.4683 3.86794C20.9412 4.84117 21.1046 5.94601 20.9346 7.02241C20.7646 8.09882 20.2702 9.0909 19.523 9.85496L11.0002 19Z" stroke="currentColor" stroke-width="1.5" stroke-linecap="round" stroke-linejoin="round"></path></svg></button></div></div><div class="ProductTile-module_imageSection--4dy3j"><div class="ImageSection-module_imageSection--JW6B4 ImageSection-module_imageSectionSmall--wtsuO  "><a href="/Produkt/Tusze-do-rzes/Collistar-Infinito-tusz-do-rzes-Extra-Black-7-5-ml,2113298,13001"><img loading="lazy" src="https://pro-fra-s3-productsassets.rossmann.pl/product_7_small/2113298_338_190_1749541531.webp" alt="COLLISTAR Infinito ,tusz do rzęs, Extra Black,kompozycja-2" data-testid="product-image"></a><div class="ImageSection-module_cmpInfoWrapper---gDf+"></div></div></div><div><a href="/Produkt/Tusze-do-rzes/Collistar-Infinito-tusz-do-rzes-Extra-Black-7-5-ml,2113298,13001"><div title="COLLISTAR Infinito " class="DescriptionSection-module_brand--+Edq7 DescriptionSection-module_brandSmall--J0DP7" data-testid="product-brand"><strong class="DescriptionSection-module_strongSmall--8u2H2">COLLISTAR Infinito </strong></div><div title="tusz do rzęs, Extra Black" class="DescriptionSection-module_caption--t+QTb DescriptionSection-module_captionSmall--ClR1Q" data-testid="product-caption">tusz do rzęs, Extra Black</div><div class="DescriptionSection-module_unitSmall--AyjB0" data-testid="product-unit">7,5 ml</div></a></div></section><div class="ProductTile-module_priceBox--SIN7O"><section class="w-100 flex flex-column justify-content-between"><div><div class="PriceSection-module_priceSection--eIBii"><div class="PriceSection-module_priceContainer--SxUEN"><div class="PriceSection-module_priceBox--X1xEI" data-testid="product-current-price-wrapper"><span class="PriceSection-module_price--I18Do PriceSection-module_priceSmall--UhUP0 PriceSection-module_pricePromotion--4NEgk" data-testid="product-price"><span>89</span><span>,99 zł</span></span></div><span class="PriceSection-module_pricePerUnitSmall--GF40k" data-testid="product-price-per-unit">100 ml = 1199,87 zł</span></div><div><button aria-label="Dodaj do koszyka" data-testid="product-add-to-basket-button" class="PriceSection-module_cartBtn--LT628 snrs-add-to-cart" data-sku="2113298" data-name="Infinito " data-regular-price="149.99" data-promo-price="89.99" data-omnibus-price="104.99" data-unit-price="100 ml = 1199,87 zł" data-link="/Produkt/Tusze-do-rzes/Collistar-Infinito-tusz-do-rzes-Extra-Black-7-5-ml,2113298,13001" data-img-link="https://pro-fra-s3-productsassets.rossmann.pl/product_7_medium/2113298_360_350_1749541531.webp" data-labels="[&quot;TYLKO ONLINE&quot;]" data-brand="COLLISTAR" data-caption="tusz do rzęs, Extra Black" data-unit="7,5 ml"><svg class="ui-icon " stroke-width="1.8" width="16" height="16" viewBox="0 0 24 24" preserveAspectRatio="" fill="none" stroke="currentColor" stroke-linecap="round" stroke-linejoin="round" overflow="visible"><path d="M3.5 9.47656L6.5 3.47656"></path><path d="M20.5 9.47656L17.5 3.47656"></path><path d="M21.5 12.4766H2.5L4.2 20.9836C4.30662 21.4208 4.56062 21.808 4.91924 22.0799C5.27786 22.3518 5.7192 22.4919 6.169 22.4766H17.831C18.2808 22.4919 18.7221 22.3518 19.0808 22.0799C19.4394 21.808 19.6934 21.4208 19.8 20.9836L21.5 12.4766Z"></path><path d="M21.5 9.47656H2.5C1.94772 9.47656 1.5 9.92428 1.5 10.4766V11.4766C1.5 12.0288 1.94772 12.4766 2.5 12.4766H21.5C22.0523 12.4766 22.5 12.0288 22.5 11.4766V10.4766C22.5 9.92428 22.0523 9.47656 21.5 9.47656Z"></path><path d="M12 15.4766V18.9766"></path><path d="M16.5 15.4766L16 18.9766"></path><path d="M7.5 15.4766L8 18.9766"></path></svg></button></div></div><div class="PriceDetailSection-module_section--GiX3L" data-testid="product-omnibus"><div class="tile-product__lowest-price"><div class="BasicPrice-module_text--3+PZK BasicPrice-module_textSmall--i6ihL"><span>Cena&nbsp;regularna:</span><span data-testid="basic-price" class="BasicPrice-module_price--QC1tg"><span data-testid="product-price" class="styles-module_strike--3Okb2  styles-module_xxxSmall--DH55z styles-module_price--9IDpJ">149<span class="styles-module_price--9IDpJ">,99</span> <span>zł</span></span></span></div></div><div class="tile-product__lowest-price"><div class="LowestPrice-module_text--cofnN LowestPrice-module_textSmall--57oJQ"><span>Najniższa cena: </span><span data-testid="lowest-price-in-30-days" class="LowestPrice-module_price--E4qKq ml-1"><span data-testid="product-price" class="styles-module_strike--3Okb2  styles-module_xxxSmall--DH55z styles-module_price--9IDpJ">104<span class="styles-module_price--9IDpJ">,99</span> <span>zł</span></span></span><button aria-label="Najniższa cena z 30 dni przed obniżką" data-state="closed" class="OmnibusTrigger-module_button--G5UaQ"><svg class="ui-icon " stroke-width="1.2" width="16" height="16" viewBox="0 0 24 24" preserveAspectRatio="" fill="none" stroke="currentColor" stroke-linecap="round" stroke-linejoin="round" overflow="visible"><path d="M12 22C17.5228 22 22 17.5228 22 12C22 6.47714 17.5228 2 12 2C6.47715 2 2 6.47714 2 12C2 17.5228 6.47715 22 12 22Z"></path><path d="M14 17H12.6667C12.4309 17 12.2048 16.8946 12.0381 16.7071C11.8715 16.5196 11.7778 16.2652 11.7778 16V10.5C11.7778 10.3674 11.7309 10.2402 11.6476 10.1465C11.5643 10.0527 11.4512 10 11.3333 10H10"></path><path d="M11.7415 7C11.6034 7 11.4915 6.88807 11.4915 6.75C11.4915 6.61193 11.6034 6.5 11.7415 6.5"></path><path d="M11.7415 7C11.8795 7 11.9915 6.88807 11.9915 6.75C11.9915 6.61193 11.8795 6.5 11.7415 6.5"></path></svg></button></div></div></div></div><div class="AvailabilitySection-module_section--IibdL AvailabilitySection-module_sectionRound--7ZN6d"><div class="AvailabilitySection-module_record--sV0gc"><div class="AvailabilitySection-module_icon--FClji AvailabilitySection-module_iconHigh--A0P1q"><svg class="ui-icon AvailabilitySection-module_iconCheck--68pbU" stroke-width="1.2" width=" 24" height="24" viewBox="0 0 24 24" preserveAspectRatio="" fill="none" stroke="currentColor" stroke-linecap="round" stroke-linejoin="round" overflow="visible"><path d="M12.6667 4.30981L5.97106 13.6431L3.33337 11.0055"></path></svg></div><div class="AvailabilitySection-module_text--zxru7 AvailabilitySection-module_textSmall--n1xcJ">Dostępny tylko online</div></div></div></section></div></div></div><div class="swiper-slide ProductSlider-module_slideWithImage--jP2ra mb-4" style="margin-right: 16px;"><div class="ProductTile-module_tile--yFwR2 ProductTile-module_small--bAwXa ProductTile-module_round--R0J7y ProductTile-module_bt--7Rs6T ProductTile-module_br--DiNim ProductTile-module_bb--6rqC2 ProductTile-module_bl--VrBPG " data-testid="product-container"><section><div><div class="HeaderSection-module_headerSection--0ATl3"><div class="HeaderSection-module_badgesSection--2J8Ry"><span class="styles-module_badge--ptqlS  "><span>TYLKO ONLINE</span></span></div><button aria-label="Dodaj do ulubionych" data-testid="product-add-to-favorites-button" class="HeaderSection-module_favoritesBtn--AtrEF snrs-add-to-fav" data-sku="2106279"><svg class="icon HeaderSection-module_icon--izXrZ " width="22" height="20" viewBox="0 0 22 20" fill="none" xmlns="http://www.w3.org/2000/svg"><path d="M11.0002 19L2.47741 9.85496C1.72993 9.09105 1.23535 8.09895 1.06538 7.02248C0.89541 5.94601 1.05887 4.84111 1.53207 3.86794C1.89665 3.13055 2.42251 2.4928 3.0672 2.00617C3.7119 1.51954 4.45737 1.19766 5.24344 1.06652C6.02951 0.935373 6.83416 0.998637 7.59245 1.2512C8.35073 1.50376 9.04141 1.93855 9.60872 2.52047L11.0002 3.84257L12.3917 2.52047C12.9591 1.93874 13.6498 1.50411 14.408 1.25166C15.1663 0.999207 15.9708 0.935998 16.7569 1.06713C17.5429 1.19827 18.2883 1.52007 18.933 2.00658C19.5777 2.4931 20.1036 3.13069 20.4683 3.86794C20.9412 4.84117 21.1046 5.94601 20.9346 7.02241C20.7646 8.09882 20.2702 9.0909 19.523 9.85496L11.0002 19Z" stroke="currentColor" stroke-width="1.5" stroke-linecap="round" stroke-linejoin="round"></path></svg></button></div></div><div class="ProductTile-module_imageSection--4dy3j"><div class="ImageSection-module_imageSection--JW6B4 ImageSection-module_imageSectionSmall--wtsuO  "><a href="/Produkt/Pudry/Collistar-Impeccable-puder-do-twarzy-w-kompakcie-nr-10N-Ivory-9-g,2106279,12007"><img loading="lazy" src="https://pro-fra-s3-productsassets.rossmann.pl/product_7_small/2106279_338_190_1739447986.webp" alt="COLLISTAR Impeccable ,puder do twarzy, w kompakcie, nr 10N Ivory,kompozycja-2" data-testid="product-image"></a><div class="ImageSection-module_cmpInfoWrapper---gDf+"></div></div></div><div><a href="/Produkt/Pudry/Collistar-Impeccable-puder-do-twarzy-w-kompakcie-nr-10N-Ivory-9-g,2106279,12007"><div title="COLLISTAR Impeccable " class="DescriptionSection-module_brand--+Edq7 DescriptionSection-module_brandSmall--J0DP7" data-testid="product-brand"><strong class="DescriptionSection-module_strongSmall--8u2H2">COLLISTAR Impeccable </strong></div><div title="puder do twarzy, w kompakcie, nr 10N Ivory" class="DescriptionSection-module_caption--t+QTb DescriptionSection-module_captionSmall--ClR1Q" data-testid="product-caption">puder do twarzy, w kompakcie, nr 10N Ivory</div><div class="DescriptionSection-module_unitSmall--AyjB0" data-testid="product-unit">9 g</div></a></div></section><div class="ProductTile-module_priceBox--SIN7O"><section class="w-100 flex flex-column justify-content-between"><div><div class="PriceSection-module_priceSection--eIBii"><div class="PriceSection-module_priceContainer--SxUEN"><div class="PriceSection-module_priceBox--X1xEI" data-testid="product-current-price-wrapper"><span class="PriceSection-module_price--I18Do PriceSection-module_priceSmall--UhUP0 PriceSection-module_pricePromotion--4NEgk" data-testid="product-price"><span>99</span><span>,99 zł</span></span></div><span class="PriceSection-module_pricePerUnitSmall--GF40k" data-testid="product-price-per-unit">100 g = 1111,00 zł</span></div><div><button aria-label="Dodaj do koszyka" data-testid="product-add-to-basket-button" class="PriceSection-module_cartBtn--LT628 snrs-add-to-cart" data-sku="2106279" data-name="Impeccable " data-regular-price="179.99" data-promo-price="99.99" data-omnibus-price="120.99" data-unit-price="100 g = 1111,00 zł" data-link="/Produkt/Pudry/Collistar-Impeccable-puder-do-twarzy-w-kompakcie-nr-10N-Ivory-9-g,2106279,12007" data-img-link="https://pro-fra-s3-productsassets.rossmann.pl/product_7_medium/2106279_360_350_1739447987.webp" data-labels="[&quot;TYLKO ONLINE&quot;]" data-brand="COLLISTAR" data-caption="puder do twarzy, w kompakcie, nr 10N Ivory" data-unit="9 g"><svg class="ui-icon " stroke-width="1.8" width="16" height="16" viewBox="0 0 24 24" preserveAspectRatio="" fill="none" stroke="currentColor" stroke-linecap="round" stroke-linejoin="round" overflow="visible"><path d="M3.5 9.47656L6.5 3.47656"></path><path d="M20.5 9.47656L17.5 3.47656"></path><path d="M21.5 12.4766H2.5L4.2 20.9836C4.30662 21.4208 4.56062 21.808 4.91924 22.0799C5.27786 22.3518 5.7192 22.4919 6.169 22.4766H17.831C18.2808 22.4919 18.7221 22.3518 19.0808 22.0799C19.4394 21.808 19.6934 21.4208 19.8 20.9836L21.5 12.4766Z"></path><path d="M21.5 9.47656H2.5C1.94772 9.47656 1.5 9.92428 1.5 10.4766V11.4766C1.5 12.0288 1.94772 12.4766 2.5 12.4766H21.5C22.0523 12.4766 22.5 12.0288 22.5 11.4766V10.4766C22.5 9.92428 22.0523 9.47656 21.5 9.47656Z"></path><path d="M12 15.4766V18.9766"></path><path d="M16.5 15.4766L16 18.9766"></path><path d="M7.5 15.4766L8 18.9766"></path></svg></button></div></div><div class="PriceDetailSection-module_section--GiX3L" data-testid="product-omnibus"><div class="tile-product__lowest-price"><div class="BasicPrice-module_text--3+PZK BasicPrice-module_textSmall--i6ihL"><span>Cena&nbsp;regularna:</span><span data-testid="basic-price" class="BasicPrice-module_price--QC1tg"><span data-testid="product-price" class="styles-module_strike--3Okb2  styles-module_xxxSmall--DH55z styles-module_price--9IDpJ">179<span class="styles-module_price--9IDpJ">,99</span> <span>zł</span></span></span></div></div><div class="tile-product__lowest-price"><div class="LowestPrice-module_text--cofnN LowestPrice-module_textSmall--57oJQ"><span>Najniższa cena: </span><span data-testid="lowest-price-in-30-days" class="LowestPrice-module_price--E4qKq ml-1"><span data-testid="product-price" class="styles-module_strike--3Okb2  styles-module_xxxSmall--DH55z styles-module_price--9IDpJ">120<span class="styles-module_price--9IDpJ">,99</span> <span>zł</span></span></span><button aria-label="Najniższa cena z 30 dni przed obniżką" data-state="closed" class="OmnibusTrigger-module_button--G5UaQ"><svg class="ui-icon " stroke-width="1.2" width="16" height="16" viewBox="0 0 24 24" preserveAspectRatio="" fill="none" stroke="currentColor" stroke-linecap="round" stroke-linejoin="round" overflow="visible"><path d="M12 22C17.5228 22 22 17.5228 22 12C22 6.47714 17.5228 2 12 2C6.47715 2 2 6.47714 2 12C2 17.5228 6.47715 22 12 22Z"></path><path d="M14 17H12.6667C12.4309 17 12.2048 16.8946 12.0381 16.7071C11.8715 16.5196 11.7778 16.2652 11.7778 16V10.5C11.7778 10.3674 11.7309 10.2402 11.6476 10.1465C11.5643 10.0527 11.4512 10 11.3333 10H10"></path><path d="M11.7415 7C11.6034 7 11.4915 6.88807 11.4915 6.75C11.4915 6.61193 11.6034 6.5 11.7415 6.5"></path><path d="M11.7415 7C11.8795 7 11.9915 6.88807 11.9915 6.75C11.9915 6.61193 11.8795 6.5 11.7415 6.5"></path></svg></button></div></div></div></div><div class="AvailabilitySection-module_section--IibdL AvailabilitySection-module_sectionRound--7ZN6d"><div class="AvailabilitySection-module_record--sV0gc"><div class="AvailabilitySection-module_icon--FClji AvailabilitySection-module_iconHigh--A0P1q"><svg class="ui-icon AvailabilitySection-module_iconCheck--68pbU" stroke-width="1.2" width=" 24" height="24" viewBox="0 0 24 24" preserveAspectRatio="" fill="none" stroke="currentColor" stroke-linecap="round" stroke-linejoin="round" overflow="visible"><path d="M12.6667 4.30981L5.97106 13.6431L3.33337 11.0055"></path></svg></div><div class="AvailabilitySection-module_text--zxru7 AvailabilitySection-module_textSmall--n1xcJ">Dostępny tylko online</div></div></div></section></div></div></div><div class="swiper-slide ProductSlider-module_slideWithImage--jP2ra mb-4" style="margin-right: 16px;"><div class="ProductTile-module_tile--yFwR2 ProductTile-module_small--bAwXa ProductTile-module_round--R0J7y ProductTile-module_bt--7Rs6T ProductTile-module_br--DiNim ProductTile-module_bb--6rqC2 ProductTile-module_bl--VrBPG " data-testid="product-container"><section><div><div class="HeaderSection-module_headerSection--0ATl3"><div class="HeaderSection-module_badgesSection--2J8Ry"><span class="styles-module_badge--ptqlS  "><span>TYLKO ONLINE</span></span></div><button aria-label="Dodaj do ulubionych" data-testid="product-add-to-favorites-button" class="HeaderSection-module_favoritesBtn--AtrEF snrs-add-to-fav" data-sku="2106339"><svg class="icon HeaderSection-module_icon--izXrZ " width="22" height="20" viewBox="0 0 22 20" fill="none" xmlns="http://www.w3.org/2000/svg"><path d="M11.0002 19L2.47741 9.85496C1.72993 9.09105 1.23535 8.09895 1.06538 7.02248C0.89541 5.94601 1.05887 4.84111 1.53207 3.86794C1.89665 3.13055 2.42251 2.4928 3.0672 2.00617C3.7119 1.51954 4.45737 1.19766 5.24344 1.06652C6.02951 0.935373 6.83416 0.998637 7.59245 1.2512C8.35073 1.50376 9.04141 1.93855 9.60872 2.52047L11.0002 3.84257L12.3917 2.52047C12.9591 1.93874 13.6498 1.50411 14.408 1.25166C15.1663 0.999207 15.9708 0.935998 16.7569 1.06713C17.5429 1.19827 18.2883 1.52007 18.933 2.00658C19.5777 2.4931 20.1036 3.13069 20.4683 3.86794C20.9412 4.84117 21.1046 5.94601 20.9346 7.02241C20.7646 8.09882 20.2702 9.0909 19.523 9.85496L11.0002 19Z" stroke="currentColor" stroke-width="1.5" stroke-linecap="round" stroke-linejoin="round"></path></svg></button></div></div><div class="ProductTile-module_imageSection--4dy3j"><div class="ImageSection-module_imageSection--JW6B4 ImageSection-module_imageSectionSmall--wtsuO  "><a href="/Produkt/Tusze-do-rzes/Collistar-Volume-Unico-tusz-do-rzes-wodoodporny-Black-13-ml,2106339,13001"><img loading="lazy" src="https://pro-fra-s3-productsassets.rossmann.pl/product_7_small/2106339_338_190_1739285326.webp" alt="COLLISTAR Volume Unico ,tusz do rzęs, wodoodporny, Black,kompozycja-2" data-testid="product-image"></a><div class="ImageSection-module_cmpInfoWrapper---gDf+"></div></div></div><div><a href="/Produkt/Tusze-do-rzes/Collistar-Volume-Unico-tusz-do-rzes-wodoodporny-Black-13-ml,2106339,13001"><div title="COLLISTAR Volume Unico " class="DescriptionSection-module_brand--+Edq7 DescriptionSection-module_brandSmall--J0DP7" data-testid="product-brand"><strong class="DescriptionSection-module_strongSmall--8u2H2">COLLISTAR Volume Unico </strong></div><div title="tusz do rzęs, wodoodporny, Black" class="DescriptionSection-module_caption--t+QTb DescriptionSection-module_captionSmall--ClR1Q" data-testid="product-caption">tusz do rzęs, wodoodporny, Black</div><div class="DescriptionSection-module_unitSmall--AyjB0" data-testid="product-unit">13 ml</div></a></div></section><div class="ProductTile-module_priceBox--SIN7O"><section class="w-100 flex flex-column justify-content-between"><div><div class="PriceSection-module_priceSection--eIBii"><div class="PriceSection-module_priceContainer--SxUEN"><div class="PriceSection-module_priceBox--X1xEI" data-testid="product-current-price-wrapper"><span class="PriceSection-module_price--I18Do PriceSection-module_priceSmall--UhUP0 PriceSection-module_pricePromotion--4NEgk" data-testid="product-price"><span>88</span><span>,99 zł</span></span></div><span class="PriceSection-module_pricePerUnitSmall--GF40k" data-testid="product-price-per-unit">100 ml = 684,54 zł</span></div><div><button aria-label="Dodaj do koszyka" data-testid="product-add-to-basket-button" class="PriceSection-module_cartBtn--LT628 snrs-add-to-cart" data-sku="2106339" data-name="Volume Unico " data-regular-price="134.99" data-promo-price="88.99" data-omnibus-price="89.99" data-unit-price="100 ml = 684,54 zł" data-link="/Produkt/Tusze-do-rzes/Collistar-Volume-Unico-tusz-do-rzes-wodoodporny-Black-13-ml,2106339,13001" data-img-link="https://pro-fra-s3-productsassets.rossmann.pl/product_7_medium/2106339_360_350_1739285326.webp" data-labels="[&quot;TYLKO ONLINE&quot;]" data-brand="COLLISTAR" data-caption="tusz do rzęs, wodoodporny, Black" data-unit="13 ml"><svg class="ui-icon " stroke-width="1.8" width="16" height="16" viewBox="0 0 24 24" preserveAspectRatio="" fill="none" stroke="currentColor" stroke-linecap="round" stroke-linejoin="round" overflow="visible"><path d="M3.5 9.47656L6.5 3.47656"></path><path d="M20.5 9.47656L17.5 3.47656"></path><path d="M21.5 12.4766H2.5L4.2 20.9836C4.30662 21.4208 4.56062 21.808 4.91924 22.0799C5.27786 22.3518 5.7192 22.4919 6.169 22.4766H17.831C18.2808 22.4919 18.7221 22.3518 19.0808 22.0799C19.4394 21.808 19.6934 21.4208 19.8 20.9836L21.5 12.4766Z"></path><path d="M21.5 9.47656H2.5C1.94772 9.47656 1.5 9.92428 1.5 10.4766V11.4766C1.5 12.0288 1.94772 12.4766 2.5 12.4766H21.5C22.0523 12.4766 22.5 12.0288 22.5 11.4766V10.4766C22.5 9.92428 22.0523 9.47656 21.5 9.47656Z"></path><path d="M12 15.4766V18.9766"></path><path d="M16.5 15.4766L16 18.9766"></path><path d="M7.5 15.4766L8 18.9766"></path></svg></button></div></div><div class="PriceDetailSection-module_section--GiX3L" data-testid="product-omnibus"><div class="tile-product__lowest-price"><div class="BasicPrice-module_text--3+PZK BasicPrice-module_textSmall--i6ihL"><span>Cena&nbsp;regularna:</span><span data-testid="basic-price" class="BasicPrice-module_price--QC1tg"><span data-testid="product-price" class="styles-module_strike--3Okb2  styles-module_xxxSmall--DH55z styles-module_price--9IDpJ">134<span class="styles-module_price--9IDpJ">,99</span> <span>zł</span></span></span></div></div><div class="tile-product__lowest-price"><div class="LowestPrice-module_text--cofnN LowestPrice-module_textSmall--57oJQ"><span>Najniższa cena: </span><span data-testid="lowest-price-in-30-days" class="LowestPrice-module_price--E4qKq ml-1"><span data-testid="product-price" class="styles-module_strike--3Okb2  styles-module_xxxSmall--DH55z styles-module_price--9IDpJ">89<span class="styles-module_price--9IDpJ">,99</span> <span>zł</span></span></span><button aria-label="Najniższa cena z 30 dni przed obniżką" data-state="closed" class="OmnibusTrigger-module_button--G5UaQ"><svg class="ui-icon " stroke-width="1.2" width="16" height="16" viewBox="0 0 24 24" preserveAspectRatio="" fill="none" stroke="currentColor" stroke-linecap="round" stroke-linejoin="round" overflow="visible"><path d="M12 22C17.5228 22 22 17.5228 22 12C22 6.47714 17.5228 2 12 2C6.47715 2 2 6.47714 2 12C2 17.5228 6.47715 22 12 22Z"></path><path d="M14 17H12.6667C12.4309 17 12.2048 16.8946 12.0381 16.7071C11.8715 16.5196 11.7778 16.2652 11.7778 16V10.5C11.7778 10.3674 11.7309 10.2402 11.6476 10.1465C11.5643 10.0527 11.4512 10 11.3333 10H10"></path><path d="M11.7415 7C11.6034 7 11.4915 6.88807 11.4915 6.75C11.4915 6.61193 11.6034 6.5 11.7415 6.5"></path><path d="M11.7415 7C11.8795 7 11.9915 6.88807 11.9915 6.75C11.9915 6.61193 11.8795 6.5 11.7415 6.5"></path></svg></button></div></div></div></div><div class="AvailabilitySection-module_section--IibdL AvailabilitySection-module_sectionRound--7ZN6d"><div class="AvailabilitySection-module_record--sV0gc"><div class="AvailabilitySection-module_icon--FClji AvailabilitySection-module_iconHigh--A0P1q"><svg class="ui-icon AvailabilitySection-module_iconCheck--68pbU" stroke-width="1.2" width=" 24" height="24" viewBox="0 0 24 24" preserveAspectRatio="" fill="none" stroke="currentColor" stroke-linecap="round" stroke-linejoin="round" overflow="visible"><path d="M12.6667 4.30981L5.97106 13.6431L3.33337 11.0055"></path></svg></div><div class="AvailabilitySection-module_text--zxru7 AvailabilitySection-module_textSmall--n1xcJ">Dostępny tylko online</div></div></div></section></div></div></div><div class="swiper-slide ProductSlider-module_slideWithImage--jP2ra mb-4" style="margin-right: 16px;"><div class="ProductTile-module_tile--yFwR2 ProductTile-module_small--bAwXa ProductTile-module_round--R0J7y ProductTile-module_bt--7Rs6T ProductTile-module_br--DiNim ProductTile-module_bb--6rqC2 ProductTile-module_bl--VrBPG " data-testid="product-container"><section><div><div class="HeaderSection-module_headerSection--0ATl3"><div class="HeaderSection-module_badgesSection--2J8Ry"><span class="styles-module_badge--ptqlS styles-module_mega--gSaUd "><span>MEGA!</span></span><span class="styles-module_badge--ptqlS  "><span>TYLKO ONLINE</span></span></div><button aria-label="Dodaj do ulubionych" data-testid="product-add-to-favorites-button" class="HeaderSection-module_favoritesBtn--AtrEF snrs-add-to-fav" data-sku="2106297"><svg class="icon HeaderSection-module_icon--izXrZ " width="22" height="20" viewBox="0 0 22 20" fill="none" xmlns="http://www.w3.org/2000/svg"><path d="M11.0002 19L2.47741 9.85496C1.72993 9.09105 1.23535 8.09895 1.06538 7.02248C0.89541 5.94601 1.05887 4.84111 1.53207 3.86794C1.89665 3.13055 2.42251 2.4928 3.0672 2.00617C3.7119 1.51954 4.45737 1.19766 5.24344 1.06652C6.02951 0.935373 6.83416 0.998637 7.59245 1.2512C8.35073 1.50376 9.04141 1.93855 9.60872 2.52047L11.0002 3.84257L12.3917 2.52047C12.9591 1.93874 13.6498 1.50411 14.408 1.25166C15.1663 0.999207 15.9708 0.935998 16.7569 1.06713C17.5429 1.19827 18.2883 1.52007 18.933 2.00658C19.5777 2.4931 20.1036 3.13069 20.4683 3.86794C20.9412 4.84117 21.1046 5.94601 20.9346 7.02241C20.7646 8.09882 20.2702 9.0909 19.523 9.85496L11.0002 19Z" stroke="currentColor" stroke-width="1.5" stroke-linecap="round" stroke-linejoin="round"></path></svg></button></div></div><div class="ProductTile-module_imageSection--4dy3j"><div class="ImageSection-module_imageSection--JW6B4 ImageSection-module_imageSectionSmall--wtsuO  "><a href="/Produkt/Podklady-do-twarzy/Collistar-Unico-podklad-do-twarzy-nr-3N-Beige-30-ml,2106297,12004"><img loading="lazy" src="https://pro-fra-s3-productsassets.rossmann.pl/product_7_small/2106297_338_190_1739451947.webp" alt="COLLISTAR Unico ,podkład do twarzy, nr 3N Beige,kompozycja-2" data-testid="product-image"></a><div class="ImageSection-module_cmpInfoWrapper---gDf+"></div></div></div><div><a href="/Produkt/Podklady-do-twarzy/Collistar-Unico-podklad-do-twarzy-nr-3N-Beige-30-ml,2106297,12004"><div title="COLLISTAR Unico " class="DescriptionSection-module_brand--+Edq7 DescriptionSection-module_brandSmall--J0DP7" data-testid="product-brand"><strong class="DescriptionSection-module_strongSmall--8u2H2">COLLISTAR Unico </strong></div><div title="podkład do twarzy, nr 3N Beige" class="DescriptionSection-module_caption--t+QTb DescriptionSection-module_captionSmall--ClR1Q" data-testid="product-caption">podkład do twarzy, nr 3N Beige</div><div class="DescriptionSection-module_unitSmall--AyjB0" data-testid="product-unit">30 ml</div></a></div></section><div class="ProductTile-module_priceBox--SIN7O"><section class="w-100 flex flex-column justify-content-between"><div><div class="PriceSection-module_priceSection--eIBii"><div class="PriceSection-module_priceContainer--SxUEN"><div class="PriceSection-module_priceBox--X1xEI" data-testid="product-current-price-wrapper"><span class="PriceSection-module_price--I18Do PriceSection-module_priceSmall--UhUP0 PriceSection-module_pricePromotion--4NEgk" data-testid="product-price"><span>119</span><span>,99 zł</span></span></div><span class="PriceSection-module_pricePerUnitSmall--GF40k" data-testid="product-price-per-unit">100 ml = 399,97 zł</span></div><div><button aria-label="Dodaj do koszyka" data-testid="product-add-to-basket-button" class="PriceSection-module_cartBtn--LT628 snrs-add-to-cart" data-sku="2106297" data-name="Unico " data-regular-price="219.99" data-promo-price="119.99" data-omnibus-price="219.99" data-unit-price="100 ml = 399,97 zł" data-link="/Produkt/Podklady-do-twarzy/Collistar-Unico-podklad-do-twarzy-nr-3N-Beige-30-ml,2106297,12004" data-img-link="https://pro-fra-s3-productsassets.rossmann.pl/product_7_medium/2106297_360_350_1739451947.webp" data-labels="[&quot;MEGA!&quot;,&quot;TYLKO ONLINE&quot;]" data-brand="COLLISTAR" data-caption="podkład do twarzy, nr 3N Beige" data-unit="30 ml"><svg class="ui-icon " stroke-width="1.8" width="16" height="16" viewBox="0 0 24 24" preserveAspectRatio="" fill="none" stroke="currentColor" stroke-linecap="round" stroke-linejoin="round" overflow="visible"><path d="M3.5 9.47656L6.5 3.47656"></path><path d="M20.5 9.47656L17.5 3.47656"></path><path d="M21.5 12.4766H2.5L4.2 20.9836C4.30662 21.4208 4.56062 21.808 4.91924 22.0799C5.27786 22.3518 5.7192 22.4919 6.169 22.4766H17.831C18.2808 22.4919 18.7221 22.3518 19.0808 22.0799C19.4394 21.808 19.6934 21.4208 19.8 20.9836L21.5 12.4766Z"></path><path d="M21.5 9.47656H2.5C1.94772 9.47656 1.5 9.92428 1.5 10.4766V11.4766C1.5 12.0288 1.94772 12.4766 2.5 12.4766H21.5C22.0523 12.4766 22.5 12.0288 22.5 11.4766V10.4766C22.5 9.92428 22.0523 9.47656 21.5 9.47656Z"></path><path d="M12 15.4766V18.9766"></path><path d="M16.5 15.4766L16 18.9766"></path><path d="M7.5 15.4766L8 18.9766"></path></svg></button></div></div><div class="PriceDetailSection-module_section--GiX3L" data-testid="product-omnibus"><div class="tile-product__lowest-price"><div class="LowestPrice-module_text--cofnN LowestPrice-module_textSmall--57oJQ"><span>Najniższa cena: </span><span data-testid="lowest-price-in-30-days" class="LowestPrice-module_price--E4qKq ml-1"><span data-testid="product-price" class="styles-module_strike--3Okb2  styles-module_xxxSmall--DH55z styles-module_price--9IDpJ">219<span class="styles-module_price--9IDpJ">,99</span> <span>zł</span></span></span><button aria-label="Najniższa cena z 30 dni przed obniżką" data-state="closed" class="OmnibusTrigger-module_button--G5UaQ"><svg class="ui-icon " stroke-width="1.2" width="16" height="16" viewBox="0 0 24 24" preserveAspectRatio="" fill="none" stroke="currentColor" stroke-linecap="round" stroke-linejoin="round" overflow="visible"><path d="M12 22C17.5228 22 22 17.5228 22 12C22 6.47714 17.5228 2 12 2C6.47715 2 2 6.47714 2 12C2 17.5228 6.47715 22 12 22Z"></path><path d="M14 17H12.6667C12.4309 17 12.2048 16.8946 12.0381 16.7071C11.8715 16.5196 11.7778 16.2652 11.7778 16V10.5C11.7778 10.3674 11.7309 10.2402 11.6476 10.1465C11.5643 10.0527 11.4512 10 11.3333 10H10"></path><path d="M11.7415 7C11.6034 7 11.4915 6.88807 11.4915 6.75C11.4915 6.61193 11.6034 6.5 11.7415 6.5"></path><path d="M11.7415 7C11.8795 7 11.9915 6.88807 11.9915 6.75C11.9915 6.61193 11.8795 6.5 11.7415 6.5"></path></svg></button></div></div></div></div><div class="AvailabilitySection-module_section--IibdL AvailabilitySection-module_sectionRound--7ZN6d"><div class="AvailabilitySection-module_record--sV0gc"><div class="AvailabilitySection-module_icon--FClji AvailabilitySection-module_iconHigh--A0P1q"><svg class="ui-icon AvailabilitySection-module_iconCheck--68pbU" stroke-width="1.2" width=" 24" height="24" viewBox="0 0 24 24" preserveAspectRatio="" fill="none" stroke="currentColor" stroke-linecap="round" stroke-linejoin="round" overflow="visible"><path d="M12.6667 4.30981L5.97106 13.6431L3.33337 11.0055"></path></svg></div><div class="AvailabilitySection-module_text--zxru7 AvailabilitySection-module_textSmall--n1xcJ">Dostępny tylko online</div></div></div></section></div></div></div><div class="swiper-slide ProductSlider-module_slideWithImage--jP2ra mb-4" style="margin-right: 16px;"><div class="ProductTile-module_tile--yFwR2 ProductTile-module_small--bAwXa ProductTile-module_round--R0J7y ProductTile-module_bt--7Rs6T ProductTile-module_br--DiNim ProductTile-module_bb--6rqC2 ProductTile-module_bl--VrBPG " data-testid="product-container"><section><div><div class="HeaderSection-module_headerSection--0ATl3"><div class="HeaderSection-module_badgesSection--2J8Ry"><span class="styles-module_badge--ptqlS  "><span>TYLKO ONLINE</span></span></div><button aria-label="Dodaj do ulubionych" data-testid="product-add-to-favorites-button" class="HeaderSection-module_favoritesBtn--AtrEF snrs-add-to-fav" data-sku="2106323"><svg class="icon HeaderSection-module_icon--izXrZ " width="22" height="20" viewBox="0 0 22 20" fill="none" xmlns="http://www.w3.org/2000/svg"><path d="M11.0002 19L2.47741 9.85496C1.72993 9.09105 1.23535 8.09895 1.06538 7.02248C0.89541 5.94601 1.05887 4.84111 1.53207 3.86794C1.89665 3.13055 2.42251 2.4928 3.0672 2.00617C3.7119 1.51954 4.45737 1.19766 5.24344 1.06652C6.02951 0.935373 6.83416 0.998637 7.59245 1.2512C8.35073 1.50376 9.04141 1.93855 9.60872 2.52047L11.0002 3.84257L12.3917 2.52047C12.9591 1.93874 13.6498 1.50411 14.408 1.25166C15.1663 0.999207 15.9708 0.935998 16.7569 1.06713C17.5429 1.19827 18.2883 1.52007 18.933 2.00658C19.5777 2.4931 20.1036 3.13069 20.4683 3.86794C20.9412 4.84117 21.1046 5.94601 20.9346 7.02241C20.7646 8.09882 20.2702 9.0909 19.523 9.85496L11.0002 19Z" stroke="currentColor" stroke-width="1.5" stroke-linecap="round" stroke-linejoin="round"></path></svg></button></div></div><div class="ProductTile-module_imageSection--4dy3j"><div class="ImageSection-module_imageSection--JW6B4 ImageSection-module_imageSectionSmall--wtsuO  "><a href="/Produkt/Cienie-do-powiek/Collistar-Impeccable-cien-do-powiek-nr-100-Nude-Matte-2-g,2106323,13002"><img loading="lazy" src="https://pro-fra-s3-productsassets.rossmann.pl/product_6_small/2106323_338_190_1739366502.webp" alt="COLLISTAR Impeccable ,cień do powiek, nr 100 Nude Matte,kompozycja-2" data-testid="product-image"></a><div class="ImageSection-module_cmpInfoWrapper---gDf+"></div></div></div><div><a href="/Produkt/Cienie-do-powiek/Collistar-Impeccable-cien-do-powiek-nr-100-Nude-Matte-2-g,2106323,13002"><div title="COLLISTAR Impeccable " class="DescriptionSection-module_brand--+Edq7 DescriptionSection-module_brandSmall--J0DP7" data-testid="product-brand"><strong class="DescriptionSection-module_strongSmall--8u2H2">COLLISTAR Impeccable </strong></div><div title="cień do powiek, nr 100 Nude Matte" class="DescriptionSection-module_caption--t+QTb DescriptionSection-module_captionSmall--ClR1Q" data-testid="product-caption">cień do powiek, nr 100 Nude Matte</div><div class="DescriptionSection-module_unitSmall--AyjB0" data-testid="product-unit">2 g</div></a></div></section><div class="ProductTile-module_priceBox--SIN7O"><section class="w-100 flex flex-column justify-content-between"><div><div class="PriceSection-module_priceSection--eIBii"><div class="PriceSection-module_priceContainer--SxUEN"><div class="PriceSection-module_priceBox--X1xEI" data-testid="product-current-price-wrapper"><span class="PriceSection-module_price--I18Do PriceSection-module_priceSmall--UhUP0 PriceSection-module_pricePromotion--4NEgk" data-testid="product-price"><span>75</span><span>,99 zł</span></span></div><span class="PriceSection-module_pricePerUnitSmall--GF40k" data-testid="product-price-per-unit">100 g = 3799,50 zł</span></div><div><button aria-label="Dodaj do koszyka" data-testid="product-add-to-basket-button" class="PriceSection-module_cartBtn--LT628 snrs-add-to-cart" data-sku="2106323" data-name="Impeccable " data-regular-price="115.99" data-promo-price="75.99" data-omnibus-price="115.99" data-unit-price="100 g = 3799,50 zł" data-link="/Produkt/Cienie-do-powiek/Collistar-Impeccable-cien-do-powiek-nr-100-Nude-Matte-2-g,2106323,13002" data-img-link="https://pro-fra-s3-productsassets.rossmann.pl/product_6_medium/2106323_360_350_1739366503.webp" data-labels="[&quot;TYLKO ONLINE&quot;]" data-brand="COLLISTAR" data-caption="cień do powiek, nr 100 Nude Matte" data-unit="2 g"><svg class="ui-icon " stroke-width="1.8" width="16" height="16" viewBox="0 0 24 24" preserveAspectRatio="" fill="none" stroke="currentColor" stroke-linecap="round" stroke-linejoin="round" overflow="visible"><path d="M3.5 9.47656L6.5 3.47656"></path><path d="M20.5 9.47656L17.5 3.47656"></path><path d="M21.5 12.4766H2.5L4.2 20.9836C4.30662 21.4208 4.56062 21.808 4.91924 22.0799C5.27786 22.3518 5.7192 22.4919 6.169 22.4766H17.831C18.2808 22.4919 18.7221 22.3518 19.0808 22.0799C19.4394 21.808 19.6934 21.4208 19.8 20.9836L21.5 12.4766Z"></path><path d="M21.5 9.47656H2.5C1.94772 9.47656 1.5 9.92428 1.5 10.4766V11.4766C1.5 12.0288 1.94772 12.4766 2.5 12.4766H21.5C22.0523 12.4766 22.5 12.0288 22.5 11.4766V10.4766C22.5 9.92428 22.0523 9.47656 21.5 9.47656Z"></path><path d="M12 15.4766V18.9766"></path><path d="M16.5 15.4766L16 18.9766"></path><path d="M7.5 15.4766L8 18.9766"></path></svg></button></div></div><div class="PriceDetailSection-module_section--GiX3L" data-testid="product-omnibus"><div class="tile-product__lowest-price"><div class="LowestPrice-module_text--cofnN LowestPrice-module_textSmall--57oJQ"><span>Najniższa cena: </span><span data-testid="lowest-price-in-30-days" class="LowestPrice-module_price--E4qKq ml-1"><span data-testid="product-price" class="styles-module_strike--3Okb2  styles-module_xxxSmall--DH55z styles-module_price--9IDpJ">115<span class="styles-module_price--9IDpJ">,99</span> <span>zł</span></span></span><button aria-label="Najniższa cena z 30 dni przed obniżką" data-state="closed" class="OmnibusTrigger-module_button--G5UaQ"><svg class="ui-icon " stroke-width="1.2" width="16" height="16" viewBox="0 0 24 24" preserveAspectRatio="" fill="none" stroke="currentColor" stroke-linecap="round" stroke-linejoin="round" overflow="visible"><path d="M12 22C17.5228 22 22 17.5228 22 12C22 6.47714 17.5228 2 12 2C6.47715 2 2 6.47714 2 12C2 17.5228 6.47715 22 12 22Z"></path><path d="M14 17H12.6667C12.4309 17 12.2048 16.8946 12.0381 16.7071C11.8715 16.5196 11.7778 16.2652 11.7778 16V10.5C11.7778 10.3674 11.7309 10.2402 11.6476 10.1465C11.5643 10.0527 11.4512 10 11.3333 10H10"></path><path d="M11.7415 7C11.6034 7 11.4915 6.88807 11.4915 6.75C11.4915 6.61193 11.6034 6.5 11.7415 6.5"></path><path d="M11.7415 7C11.8795 7 11.9915 6.88807 11.9915 6.75C11.9915 6.61193 11.8795 6.5 11.7415 6.5"></path></svg></button></div></div></div></div><div class="AvailabilitySection-module_section--IibdL AvailabilitySection-module_sectionRound--7ZN6d"><div class="AvailabilitySection-module_record--sV0gc"><div class="AvailabilitySection-module_icon--FClji AvailabilitySection-module_iconHigh--A0P1q"><svg class="ui-icon AvailabilitySection-module_iconCheck--68pbU" stroke-width="1.2" width=" 24" height="24" viewBox="0 0 24 24" preserveAspectRatio="" fill="none" stroke="currentColor" stroke-linecap="round" stroke-linejoin="round" overflow="visible"><path d="M12.6667 4.30981L5.97106 13.6431L3.33337 11.0055"></path></svg></div><div class="AvailabilitySection-module_text--zxru7 AvailabilitySection-module_textSmall--n1xcJ">Dostępny tylko online</div></div></div></section></div></div></div><div class="swiper-slide ProductSlider-module_slideWithImage--jP2ra mb-4" style="margin-right: 16px;"><div class="ProductTile-module_tile--yFwR2 ProductTile-module_small--bAwXa ProductTile-module_round--R0J7y ProductTile-module_bt--7Rs6T ProductTile-module_br--DiNim ProductTile-module_bb--6rqC2 ProductTile-module_bl--VrBPG " data-testid="product-container"><section><div><div class="HeaderSection-module_headerSection--0ATl3"><div class="HeaderSection-module_badgesSection--2J8Ry"><span class="styles-module_badge--ptqlS  "><span>TYLKO ONLINE</span></span></div><button aria-label="Dodaj do ulubionych" data-testid="product-add-to-favorites-button" class="HeaderSection-module_favoritesBtn--AtrEF snrs-add-to-fav" data-sku="2106292"><svg class="icon HeaderSection-module_icon--izXrZ " width="22" height="20" viewBox="0 0 22 20" fill="none" xmlns="http://www.w3.org/2000/svg"><path d="M11.0002 19L2.47741 9.85496C1.72993 9.09105 1.23535 8.09895 1.06538 7.02248C0.89541 5.94601 1.05887 4.84111 1.53207 3.86794C1.89665 3.13055 2.42251 2.4928 3.0672 2.00617C3.7119 1.51954 4.45737 1.19766 5.24344 1.06652C6.02951 0.935373 6.83416 0.998637 7.59245 1.2512C8.35073 1.50376 9.04141 1.93855 9.60872 2.52047L11.0002 3.84257L12.3917 2.52047C12.9591 1.93874 13.6498 1.50411 14.408 1.25166C15.1663 0.999207 15.9708 0.935998 16.7569 1.06713C17.5429 1.19827 18.2883 1.52007 18.933 2.00658C19.5777 2.4931 20.1036 3.13069 20.4683 3.86794C20.9412 4.84117 21.1046 5.94601 20.9346 7.02241C20.7646 8.09882 20.2702 9.0909 19.523 9.85496L11.0002 19Z" stroke="currentColor" stroke-width="1.5" stroke-linecap="round" stroke-linejoin="round"></path></svg></button></div></div><div class="ProductTile-module_imageSection--4dy3j"><div class="ImageSection-module_imageSection--JW6B4 ImageSection-module_imageSectionSmall--wtsuO  "><a href="/Produkt/Pudry/Collistar-puder-brazujacy-z-efektem-jedwabiu-nr-09-Cristalli-Di-Sole-Shimmer-10-g,2106292,12007"><img loading="lazy" src="https://pro-fra-s3-productsassets.rossmann.pl/product_5_small/2106292_338_190_1739366370.webp" alt="COLLISTAR ,puder brązujący, z efektem jedwabiu, nr 09 Cristalli Di Sole Shimmer,kompozycja-2" data-testid="product-image"></a><div class="ImageSection-module_cmpInfoWrapper---gDf+"></div></div></div><div><a href="/Produkt/Pudry/Collistar-puder-brazujacy-z-efektem-jedwabiu-nr-09-Cristalli-Di-Sole-Shimmer-10-g,2106292,12007"><div title="COLLISTAR " class="DescriptionSection-module_brand--+Edq7 DescriptionSection-module_brandSmall--J0DP7" data-testid="product-brand"><strong class="DescriptionSection-module_strongSmall--8u2H2">COLLISTAR </strong></div><div title="puder brązujący, z efektem jedwabiu, nr 09 Cristalli Di Sole Shimmer" class="DescriptionSection-module_caption--t+QTb DescriptionSection-module_captionSmall--ClR1Q" data-testid="product-caption">puder brązujący, z efektem jedwabiu, nr 09 Cristalli Di Sole Shimmer</div><div class="DescriptionSection-module_unitSmall--AyjB0" data-testid="product-unit">10 g</div></a></div></section><div class="ProductTile-module_priceBox--SIN7O"><section class="w-100 flex flex-column justify-content-between"><div><div class="PriceSection-module_priceSection--eIBii"><div class="PriceSection-module_priceContainer--SxUEN"><div class="PriceSection-module_priceBox--X1xEI" data-testid="product-current-price-wrapper"><span class="PriceSection-module_price--I18Do PriceSection-module_priceSmall--UhUP0 PriceSection-module_pricePromotion--4NEgk" data-testid="product-price"><span>123</span><span>,99 zł</span></span></div><span class="PriceSection-module_pricePerUnitSmall--GF40k" data-testid="product-price-per-unit">100 g = 1239,90 zł</span></div><div><button aria-label="Dodaj do koszyka" data-testid="product-add-to-basket-button" class="PriceSection-module_cartBtn--LT628 snrs-add-to-cart" data-sku="2106292" data-name="" data-regular-price="184.99" data-promo-price="123.99" data-omnibus-price="184.99" data-unit-price="100 g = 1239,90 zł" data-link="/Produkt/Pudry/Collistar-puder-brazujacy-z-efektem-jedwabiu-nr-09-Cristalli-Di-Sole-Shimmer-10-g,2106292,12007" data-img-link="https://pro-fra-s3-productsassets.rossmann.pl/product_5_medium/2106292_360_350_1739366371.webp" data-labels="[&quot;TYLKO ONLINE&quot;]" data-brand="COLLISTAR" data-caption="puder brązujący, z efektem jedwabiu, nr 09 Cristalli Di Sole Shimmer" data-unit="10 g"><svg class="ui-icon " stroke-width="1.8" width="16" height="16" viewBox="0 0 24 24" preserveAspectRatio="" fill="none" stroke="currentColor" stroke-linecap="round" stroke-linejoin="round" overflow="visible"><path d="M3.5 9.47656L6.5 3.47656"></path><path d="M20.5 9.47656L17.5 3.47656"></path><path d="M21.5 12.4766H2.5L4.2 20.9836C4.30662 21.4208 4.56062 21.808 4.91924 22.0799C5.27786 22.3518 5.7192 22.4919 6.169 22.4766H17.831C18.2808 22.4919 18.7221 22.3518 19.0808 22.0799C19.4394 21.808 19.6934 21.4208 19.8 20.9836L21.5 12.4766Z"></path><path d="M21.5 9.47656H2.5C1.94772 9.47656 1.5 9.92428 1.5 10.4766V11.4766C1.5 12.0288 1.94772 12.4766 2.5 12.4766H21.5C22.0523 12.4766 22.5 12.0288 22.5 11.4766V10.4766C22.5 9.92428 22.0523 9.47656 21.5 9.47656Z"></path><path d="M12 15.4766V18.9766"></path><path d="M16.5 15.4766L16 18.9766"></path><path d="M7.5 15.4766L8 18.9766"></path></svg></button></div></div><div class="PriceDetailSection-module_section--GiX3L" data-testid="product-omnibus"><div class="tile-product__lowest-price"><div class="LowestPrice-module_text--cofnN LowestPrice-module_textSmall--57oJQ"><span>Najniższa cena: </span><span data-testid="lowest-price-in-30-days" class="LowestPrice-module_price--E4qKq ml-1"><span data-testid="product-price" class="styles-module_strike--3Okb2  styles-module_xxxSmall--DH55z styles-module_price--9IDpJ">184<span class="styles-module_price--9IDpJ">,99</span> <span>zł</span></span></span><button aria-label="Najniższa cena z 30 dni przed obniżką" data-state="closed" class="OmnibusTrigger-module_button--G5UaQ"><svg class="ui-icon " stroke-width="1.2" width="16" height="16" viewBox="0 0 24 24" preserveAspectRatio="" fill="none" stroke="currentColor" stroke-linecap="round" stroke-linejoin="round" overflow="visible"><path d="M12 22C17.5228 22 22 17.5228 22 12C22 6.47714 17.5228 2 12 2C6.47715 2 2 6.47714 2 12C2 17.5228 6.47715 22 12 22Z"></path><path d="M14 17H12.6667C12.4309 17 12.2048 16.8946 12.0381 16.7071C11.8715 16.5196 11.7778 16.2652 11.7778 16V10.5C11.7778 10.3674 11.7309 10.2402 11.6476 10.1465C11.5643 10.0527 11.4512 10 11.3333 10H10"></path><path d="M11.7415 7C11.6034 7 11.4915 6.88807 11.4915 6.75C11.4915 6.61193 11.6034 6.5 11.7415 6.5"></path><path d="M11.7415 7C11.8795 7 11.9915 6.88807 11.9915 6.75C11.9915 6.61193 11.8795 6.5 11.7415 6.5"></path></svg></button></div></div></div></div><div class="AvailabilitySection-module_section--IibdL AvailabilitySection-module_sectionRound--7ZN6d"><div class="AvailabilitySection-module_record--sV0gc"><div class="AvailabilitySection-module_icon--FClji AvailabilitySection-module_iconHigh--A0P1q"><svg class="ui-icon AvailabilitySection-module_iconCheck--68pbU" stroke-width="1.2" width=" 24" height="24" viewBox="0 0 24 24" preserveAspectRatio="" fill="none" stroke="currentColor" stroke-linecap="round" stroke-linejoin="round" overflow="visible"><path d="M12.6667 4.30981L5.97106 13.6431L3.33337 11.0055"></path></svg></div><div class="AvailabilitySection-module_text--zxru7 AvailabilitySection-module_textSmall--n1xcJ">Dostępny tylko online</div></div></div></section></div></div></div><div class="swiper-slide ProductSlider-module_slideWithImage--jP2ra mb-4" style="margin-right: 16px;"><div class="ProductTile-module_tile--yFwR2 ProductTile-module_small--bAwXa ProductTile-module_round--R0J7y ProductTile-module_bt--7Rs6T ProductTile-module_br--DiNim ProductTile-module_bb--6rqC2 ProductTile-module_bl--VrBPG " data-testid="product-container"><section><div><div class="HeaderSection-module_headerSection--0ATl3"><div class="HeaderSection-module_badgesSection--2J8Ry"><span class="styles-module_badge--ptqlS  "><span>TYLKO ONLINE</span></span></div><button aria-label="Dodaj do ulubionych" data-testid="product-add-to-favorites-button" class="HeaderSection-module_favoritesBtn--AtrEF snrs-add-to-fav" data-sku="2106335"><svg class="icon HeaderSection-module_icon--izXrZ " width="22" height="20" viewBox="0 0 22 20" fill="none" xmlns="http://www.w3.org/2000/svg"><path d="M11.0002 19L2.47741 9.85496C1.72993 9.09105 1.23535 8.09895 1.06538 7.02248C0.89541 5.94601 1.05887 4.84111 1.53207 3.86794C1.89665 3.13055 2.42251 2.4928 3.0672 2.00617C3.7119 1.51954 4.45737 1.19766 5.24344 1.06652C6.02951 0.935373 6.83416 0.998637 7.59245 1.2512C8.35073 1.50376 9.04141 1.93855 9.60872 2.52047L11.0002 3.84257L12.3917 2.52047C12.9591 1.93874 13.6498 1.50411 14.408 1.25166C15.1663 0.999207 15.9708 0.935998 16.7569 1.06713C17.5429 1.19827 18.2883 1.52007 18.933 2.00658C19.5777 2.4931 20.1036 3.13069 20.4683 3.86794C20.9412 4.84117 21.1046 5.94601 20.9346 7.02241C20.7646 8.09882 20.2702 9.0909 19.523 9.85496L11.0002 19Z" stroke="currentColor" stroke-width="1.5" stroke-linecap="round" stroke-linejoin="round"></path></svg></button></div></div><div class="ProductTile-module_imageSection--4dy3j"><div class="ImageSection-module_imageSection--JW6B4 ImageSection-module_imageSectionSmall--wtsuO  "><a href="/Produkt/Cienie-do-powiek/Collistar-Impeccable-cien-do-powiek-nr-310-Burgundy-Frost-2-g,2106335,13002"><img loading="lazy" src="https://pro-fra-s3-productsassets.rossmann.pl/product_6_small/2106335_338_190_1739366903.webp" alt="COLLISTAR Impeccable ,cień do powiek, nr 310 Burgundy Frost,kompozycja-2" data-testid="product-image"></a><div class="ImageSection-module_cmpInfoWrapper---gDf+"></div></div></div><div><a href="/Produkt/Cienie-do-powiek/Collistar-Impeccable-cien-do-powiek-nr-310-Burgundy-Frost-2-g,2106335,13002"><div title="COLLISTAR Impeccable " class="DescriptionSection-module_brand--+Edq7 DescriptionSection-module_brandSmall--J0DP7" data-testid="product-brand"><strong class="DescriptionSection-module_strongSmall--8u2H2">COLLISTAR Impeccable </strong></div><div title="cień do powiek, nr 310 Burgundy Frost" class="DescriptionSection-module_caption--t+QTb DescriptionSection-module_captionSmall--ClR1Q" data-testid="product-caption">cień do powiek, nr 310 Burgundy Frost</div><div class="DescriptionSection-module_unitSmall--AyjB0" data-testid="product-unit">2 g</div></a></div></section><div class="ProductTile-module_priceBox--SIN7O"><section class="w-100 flex flex-column justify-content-between"><div><div class="PriceSection-module_priceSection--eIBii"><div class="PriceSection-module_priceContainer--SxUEN"><div class="PriceSection-module_priceBox--X1xEI" data-testid="product-current-price-wrapper"><span class="PriceSection-module_price--I18Do PriceSection-module_priceSmall--UhUP0 PriceSection-module_pricePromotion--4NEgk" data-testid="product-price"><span>75</span><span>,99 zł</span></span></div><span class="PriceSection-module_pricePerUnitSmall--GF40k" data-testid="product-price-per-unit">100 g = 3799,50 zł</span></div><div><button aria-label="Dodaj do koszyka" data-testid="product-add-to-basket-button" class="PriceSection-module_cartBtn--LT628 snrs-add-to-cart" data-sku="2106335" data-name="Impeccable " data-regular-price="115.99" data-promo-price="75.99" data-omnibus-price="115.99" data-unit-price="100 g = 3799,50 zł" data-link="/Produkt/Cienie-do-powiek/Collistar-Impeccable-cien-do-powiek-nr-310-Burgundy-Frost-2-g,2106335,13002" data-img-link="https://pro-fra-s3-productsassets.rossmann.pl/product_6_medium/2106335_360_350_1739366904.webp" data-labels="[&quot;TYLKO ONLINE&quot;]" data-brand="COLLISTAR" data-caption="cień do powiek, nr 310 Burgundy Frost" data-unit="2 g"><svg class="ui-icon " stroke-width="1.8" width="16" height="16" viewBox="0 0 24 24" preserveAspectRatio="" fill="none" stroke="currentColor" stroke-linecap="round" stroke-linejoin="round" overflow="visible"><path d="M3.5 9.47656L6.5 3.47656"></path><path d="M20.5 9.47656L17.5 3.47656"></path><path d="M21.5 12.4766H2.5L4.2 20.9836C4.30662 21.4208 4.56062 21.808 4.91924 22.0799C5.27786 22.3518 5.7192 22.4919 6.169 22.4766H17.831C18.2808 22.4919 18.7221 22.3518 19.0808 22.0799C19.4394 21.808 19.6934 21.4208 19.8 20.9836L21.5 12.4766Z"></path><path d="M21.5 9.47656H2.5C1.94772 9.47656 1.5 9.92428 1.5 10.4766V11.4766C1.5 12.0288 1.94772 12.4766 2.5 12.4766H21.5C22.0523 12.4766 22.5 12.0288 22.5 11.4766V10.4766C22.5 9.92428 22.0523 9.47656 21.5 9.47656Z"></path><path d="M12 15.4766V18.9766"></path><path d="M16.5 15.4766L16 18.9766"></path><path d="M7.5 15.4766L8 18.9766"></path></svg></button></div></div><div class="PriceDetailSection-module_section--GiX3L" data-testid="product-omnibus"><div class="tile-product__lowest-price"><div class="LowestPrice-module_text--cofnN LowestPrice-module_textSmall--57oJQ"><span>Najniższa cena: </span><span data-testid="lowest-price-in-30-days" class="LowestPrice-module_price--E4qKq ml-1"><span data-testid="product-price" class="styles-module_strike--3Okb2  styles-module_xxxSmall--DH55z styles-module_price--9IDpJ">115<span class="styles-module_price--9IDpJ">,99</span> <span>zł</span></span></span><button aria-label="Najniższa cena z 30 dni przed obniżką" data-state="closed" class="OmnibusTrigger-module_button--G5UaQ"><svg class="ui-icon " stroke-width="1.2" width="16" height="16" viewBox="0 0 24 24" preserveAspectRatio="" fill="none" stroke="currentColor" stroke-linecap="round" stroke-linejoin="round" overflow="visible"><path d="M12 22C17.5228 22 22 17.5228 22 12C22 6.47714 17.5228 2 12 2C6.47715 2 2 6.47714 2 12C2 17.5228 6.47715 22 12 22Z"></path><path d="M14 17H12.6667C12.4309 17 12.2048 16.8946 12.0381 16.7071C11.8715 16.5196 11.7778 16.2652 11.7778 16V10.5C11.7778 10.3674 11.7309 10.2402 11.6476 10.1465C11.5643 10.0527 11.4512 10 11.3333 10H10"></path><path d="M11.7415 7C11.6034 7 11.4915 6.88807 11.4915 6.75C11.4915 6.61193 11.6034 6.5 11.7415 6.5"></path><path d="M11.7415 7C11.8795 7 11.9915 6.88807 11.9915 6.75C11.9915 6.61193 11.8795 6.5 11.7415 6.5"></path></svg></button></div></div></div></div><div class="AvailabilitySection-module_section--IibdL AvailabilitySection-module_sectionRound--7ZN6d"><div class="AvailabilitySection-module_record--sV0gc"><div class="AvailabilitySection-module_icon--FClji AvailabilitySection-module_iconHigh--A0P1q"><svg class="ui-icon AvailabilitySection-module_iconCheck--68pbU" stroke-width="1.2" width=" 24" height="24" viewBox="0 0 24 24" preserveAspectRatio="" fill="none" stroke="currentColor" stroke-linecap="round" stroke-linejoin="round" overflow="visible"><path d="M12.6667 4.30981L5.97106 13.6431L3.33337 11.0055"></path></svg></div><div class="AvailabilitySection-module_text--zxru7 AvailabilitySection-module_textSmall--n1xcJ">Dostępny tylko online</div></div></div></section></div></div></div><div class="swiper-slide ProductSlider-module_slideWithImage--jP2ra mb-4" style="margin-right: 16px;"><div class="ProductTile-module_tile--yFwR2 ProductTile-module_small--bAwXa ProductTile-module_round--R0J7y ProductTile-module_bt--7Rs6T ProductTile-module_br--DiNim ProductTile-module_bb--6rqC2 ProductTile-module_bl--VrBPG " data-testid="product-container"><section><div><div class="HeaderSection-module_headerSection--0ATl3"><div class="HeaderSection-module_badgesSection--2J8Ry"><span class="styles-module_badge--ptqlS  "><span>TYLKO ONLINE</span></span></div><button aria-label="Dodaj do ulubionych" data-testid="product-add-to-favorites-button" class="HeaderSection-module_favoritesBtn--AtrEF snrs-add-to-fav" data-sku="2106329"><svg class="icon HeaderSection-module_icon--izXrZ " width="22" height="20" viewBox="0 0 22 20" fill="none" xmlns="http://www.w3.org/2000/svg"><path d="M11.0002 19L2.47741 9.85496C1.72993 9.09105 1.23535 8.09895 1.06538 7.02248C0.89541 5.94601 1.05887 4.84111 1.53207 3.86794C1.89665 3.13055 2.42251 2.4928 3.0672 2.00617C3.7119 1.51954 4.45737 1.19766 5.24344 1.06652C6.02951 0.935373 6.83416 0.998637 7.59245 1.2512C8.35073 1.50376 9.04141 1.93855 9.60872 2.52047L11.0002 3.84257L12.3917 2.52047C12.9591 1.93874 13.6498 1.50411 14.408 1.25166C15.1663 0.999207 15.9708 0.935998 16.7569 1.06713C17.5429 1.19827 18.2883 1.52007 18.933 2.00658C19.5777 2.4931 20.1036 3.13069 20.4683 3.86794C20.9412 4.84117 21.1046 5.94601 20.9346 7.02241C20.7646 8.09882 20.2702 9.0909 19.523 9.85496L11.0002 19Z" stroke="currentColor" stroke-width="1.5" stroke-linecap="round" stroke-linejoin="round"></path></svg></button></div></div><div class="ProductTile-module_imageSection--4dy3j"><div class="ImageSection-module_imageSection--JW6B4 ImageSection-module_imageSectionSmall--wtsuO  "><a href="/Produkt/Cienie-do-powiek/Collistar-Impeccable-cien-do-powiek-nr-200-Ivory-Satin-2-g,2106329,13002"><img loading="lazy" src="https://pro-fra-s3-productsassets.rossmann.pl/product_6_small/2106329_338_190_1739366719.webp" alt="COLLISTAR Impeccable ,cień do powiek, nr 200 Ivory Satin,kompozycja-2" data-testid="product-image"></a><div class="ImageSection-module_cmpInfoWrapper---gDf+"></div></div></div><div><a href="/Produkt/Cienie-do-powiek/Collistar-Impeccable-cien-do-powiek-nr-200-Ivory-Satin-2-g,2106329,13002"><div title="COLLISTAR Impeccable " class="DescriptionSection-module_brand--+Edq7 DescriptionSection-module_brandSmall--J0DP7" data-testid="product-brand"><strong class="DescriptionSection-module_strongSmall--8u2H2">COLLISTAR Impeccable </strong></div><div title="cień do powiek, nr 200 Ivory Satin" class="DescriptionSection-module_caption--t+QTb DescriptionSection-module_captionSmall--ClR1Q" data-testid="product-caption">cień do powiek, nr 200 Ivory Satin</div><div class="DescriptionSection-module_unitSmall--AyjB0" data-testid="product-unit">2 g</div></a></div></section><div class="ProductTile-module_priceBox--SIN7O"><section class="w-100 flex flex-column justify-content-between"><div><div class="PriceSection-module_priceSection--eIBii"><div class="PriceSection-module_priceContainer--SxUEN"><div class="PriceSection-module_priceBox--X1xEI" data-testid="product-current-price-wrapper"><span class="PriceSection-module_price--I18Do PriceSection-module_priceSmall--UhUP0 PriceSection-module_pricePromotion--4NEgk" data-testid="product-price"><span>75</span><span>,99 zł</span></span></div><span class="PriceSection-module_pricePerUnitSmall--GF40k" data-testid="product-price-per-unit">100 g = 3799,50 zł</span></div><div><button aria-label="Dodaj do koszyka" data-testid="product-add-to-basket-button" class="PriceSection-module_cartBtn--LT628 snrs-add-to-cart" data-sku="2106329" data-name="Impeccable " data-regular-price="115.99" data-promo-price="75.99" data-omnibus-price="115.99" data-unit-price="100 g = 3799,50 zł" data-link="/Produkt/Cienie-do-powiek/Collistar-Impeccable-cien-do-powiek-nr-200-Ivory-Satin-2-g,2106329,13002" data-img-link="https://pro-fra-s3-productsassets.rossmann.pl/product_6_medium/2106329_360_350_1739366720.webp" data-labels="[&quot;TYLKO ONLINE&quot;]" data-brand="COLLISTAR" data-caption="cień do powiek, nr 200 Ivory Satin" data-unit="2 g"><svg class="ui-icon " stroke-width="1.8" width="16" height="16" viewBox="0 0 24 24" preserveAspectRatio="" fill="none" stroke="currentColor" stroke-linecap="round" stroke-linejoin="round" overflow="visible"><path d="M3.5 9.47656L6.5 3.47656"></path><path d="M20.5 9.47656L17.5 3.47656"></path><path d="M21.5 12.4766H2.5L4.2 20.9836C4.30662 21.4208 4.56062 21.808 4.91924 22.0799C5.27786 22.3518 5.7192 22.4919 6.169 22.4766H17.831C18.2808 22.4919 18.7221 22.3518 19.0808 22.0799C19.4394 21.808 19.6934 21.4208 19.8 20.9836L21.5 12.4766Z"></path><path d="M21.5 9.47656H2.5C1.94772 9.47656 1.5 9.92428 1.5 10.4766V11.4766C1.5 12.0288 1.94772 12.4766 2.5 12.4766H21.5C22.0523 12.4766 22.5 12.0288 22.5 11.4766V10.4766C22.5 9.92428 22.0523 9.47656 21.5 9.47656Z"></path><path d="M12 15.4766V18.9766"></path><path d="M16.5 15.4766L16 18.9766"></path><path d="M7.5 15.4766L8 18.9766"></path></svg></button></div></div><div class="PriceDetailSection-module_section--GiX3L" data-testid="product-omnibus"><div class="tile-product__lowest-price"><div class="LowestPrice-module_text--cofnN LowestPrice-module_textSmall--57oJQ"><span>Najniższa cena: </span><span data-testid="lowest-price-in-30-days" class="LowestPrice-module_price--E4qKq ml-1"><span data-testid="product-price" class="styles-module_strike--3Okb2  styles-module_xxxSmall--DH55z styles-module_price--9IDpJ">115<span class="styles-module_price--9IDpJ">,99</span> <span>zł</span></span></span><button aria-label="Najniższa cena z 30 dni przed obniżką" data-state="closed" class="OmnibusTrigger-module_button--G5UaQ"><svg class="ui-icon " stroke-width="1.2" width="16" height="16" viewBox="0 0 24 24" preserveAspectRatio="" fill="none" stroke="currentColor" stroke-linecap="round" stroke-linejoin="round" overflow="visible"><path d="M12 22C17.5228 22 22 17.5228 22 12C22 6.47714 17.5228 2 12 2C6.47715 2 2 6.47714 2 12C2 17.5228 6.47715 22 12 22Z"></path><path d="M14 17H12.6667C12.4309 17 12.2048 16.8946 12.0381 16.7071C11.8715 16.5196 11.7778 16.2652 11.7778 16V10.5C11.7778 10.3674 11.7309 10.2402 11.6476 10.1465C11.5643 10.0527 11.4512 10 11.3333 10H10"></path><path d="M11.7415 7C11.6034 7 11.4915 6.88807 11.4915 6.75C11.4915 6.61193 11.6034 6.5 11.7415 6.5"></path><path d="M11.7415 7C11.8795 7 11.9915 6.88807 11.9915 6.75C11.9915 6.61193 11.8795 6.5 11.7415 6.5"></path></svg></button></div></div></div></div><div class="AvailabilitySection-module_section--IibdL AvailabilitySection-module_sectionRound--7ZN6d"><div class="AvailabilitySection-module_record--sV0gc"><div class="AvailabilitySection-module_icon--FClji AvailabilitySection-module_iconHigh--A0P1q"><svg class="ui-icon AvailabilitySection-module_iconCheck--68pbU" stroke-width="1.2" width=" 24" height="24" viewBox="0 0 24 24" preserveAspectRatio="" fill="none" stroke="currentColor" stroke-linecap="round" stroke-linejoin="round" overflow="visible"><path d="M12.6667 4.30981L5.97106 13.6431L3.33337 11.0055"></path></svg></div><div class="AvailabilitySection-module_text--zxru7 AvailabilitySection-module_textSmall--n1xcJ">Dostępny tylko online</div></div></div></section></div></div></div><div class="swiper-slide ProductSlider-module_slideWithImage--jP2ra mb-4" style="margin-right: 16px;"><div class="ProductTile-module_tile--yFwR2 ProductTile-module_small--bAwXa ProductTile-module_round--R0J7y ProductTile-module_bt--7Rs6T ProductTile-module_br--DiNim ProductTile-module_bb--6rqC2 ProductTile-module_bl--VrBPG " data-testid="product-container"><section><div><div class="HeaderSection-module_headerSection--0ATl3"><div class="HeaderSection-module_badgesSection--2J8Ry"><span class="styles-module_badge--ptqlS  "><span>TYLKO ONLINE</span></span></div><button aria-label="Dodaj do ulubionych" data-testid="product-add-to-favorites-button" class="HeaderSection-module_favoritesBtn--AtrEF snrs-add-to-fav" data-sku="2106325"><svg class="icon HeaderSection-module_icon--izXrZ " width="22" height="20" viewBox="0 0 22 20" fill="none" xmlns="http://www.w3.org/2000/svg"><path d="M11.0002 19L2.47741 9.85496C1.72993 9.09105 1.23535 8.09895 1.06538 7.02248C0.89541 5.94601 1.05887 4.84111 1.53207 3.86794C1.89665 3.13055 2.42251 2.4928 3.0672 2.00617C3.7119 1.51954 4.45737 1.19766 5.24344 1.06652C6.02951 0.935373 6.83416 0.998637 7.59245 1.2512C8.35073 1.50376 9.04141 1.93855 9.60872 2.52047L11.0002 3.84257L12.3917 2.52047C12.9591 1.93874 13.6498 1.50411 14.408 1.25166C15.1663 0.999207 15.9708 0.935998 16.7569 1.06713C17.5429 1.19827 18.2883 1.52007 18.933 2.00658C19.5777 2.4931 20.1036 3.13069 20.4683 3.86794C20.9412 4.84117 21.1046 5.94601 20.9346 7.02241C20.7646 8.09882 20.2702 9.0909 19.523 9.85496L11.0002 19Z" stroke="currentColor" stroke-width="1.5" stroke-linecap="round" stroke-linejoin="round"></path></svg></button></div></div><div class="ProductTile-module_imageSection--4dy3j"><div class="ImageSection-module_imageSection--JW6B4 ImageSection-module_imageSectionSmall--wtsuO  "><a href="/Produkt/Cienie-do-powiek/Collistar-Impeccable-cien-do-powiek-nr-120-Brunette-Matte-2-g,2106325,13002"><img loading="lazy" src="https://pro-fra-s3-productsassets.rossmann.pl/product_6_small/2106325_338_190_1739366591.webp" alt="COLLISTAR Impeccable ,cień do powiek, nr 120 Brunette Matte,kompozycja-2" data-testid="product-image"></a><div class="ImageSection-module_cmpInfoWrapper---gDf+"></div></div></div><div><a href="/Produkt/Cienie-do-powiek/Collistar-Impeccable-cien-do-powiek-nr-120-Brunette-Matte-2-g,2106325,13002"><div title="COLLISTAR Impeccable " class="DescriptionSection-module_brand--+Edq7 DescriptionSection-module_brandSmall--J0DP7" data-testid="product-brand"><strong class="DescriptionSection-module_strongSmall--8u2H2">COLLISTAR Impeccable </strong></div><div title="cień do powiek, nr 120 Brunette Matte" class="DescriptionSection-module_caption--t+QTb DescriptionSection-module_captionSmall--ClR1Q" data-testid="product-caption">cień do powiek, nr 120 Brunette Matte</div><div class="DescriptionSection-module_unitSmall--AyjB0" data-testid="product-unit">2 g</div></a></div></section><div class="ProductTile-module_priceBox--SIN7O"><section class="w-100 flex flex-column justify-content-between"><div><div class="PriceSection-module_priceSection--eIBii"><div class="PriceSection-module_priceContainer--SxUEN"><div class="PriceSection-module_priceBox--X1xEI" data-testid="product-current-price-wrapper"><span class="PriceSection-module_price--I18Do PriceSection-module_priceSmall--UhUP0 PriceSection-module_pricePromotion--4NEgk" data-testid="product-price"><span>75</span><span>,99 zł</span></span></div><span class="PriceSection-module_pricePerUnitSmall--GF40k" data-testid="product-price-per-unit">100 g = 3799,50 zł</span></div><div><button aria-label="Dodaj do koszyka" data-testid="product-add-to-basket-button" class="PriceSection-module_cartBtn--LT628 snrs-add-to-cart" data-sku="2106325" data-name="Impeccable " data-regular-price="115.99" data-promo-price="75.99" data-omnibus-price="115.99" data-unit-price="100 g = 3799,50 zł" data-link="/Produkt/Cienie-do-powiek/Collistar-Impeccable-cien-do-powiek-nr-120-Brunette-Matte-2-g,2106325,13002" data-img-link="https://pro-fra-s3-productsassets.rossmann.pl/product_6_medium/2106325_360_350_1739366592.webp" data-labels="[&quot;TYLKO ONLINE&quot;]" data-brand="COLLISTAR" data-caption="cień do powiek, nr 120 Brunette Matte" data-unit="2 g"><svg class="ui-icon " stroke-width="1.8" width="16" height="16" viewBox="0 0 24 24" preserveAspectRatio="" fill="none" stroke="currentColor" stroke-linecap="round" stroke-linejoin="round" overflow="visible"><path d="M3.5 9.47656L6.5 3.47656"></path><path d="M20.5 9.47656L17.5 3.47656"></path><path d="M21.5 12.4766H2.5L4.2 20.9836C4.30662 21.4208 4.56062 21.808 4.91924 22.0799C5.27786 22.3518 5.7192 22.4919 6.169 22.4766H17.831C18.2808 22.4919 18.7221 22.3518 19.0808 22.0799C19.4394 21.808 19.6934 21.4208 19.8 20.9836L21.5 12.4766Z"></path><path d="M21.5 9.47656H2.5C1.94772 9.47656 1.5 9.92428 1.5 10.4766V11.4766C1.5 12.0288 1.94772 12.4766 2.5 12.4766H21.5C22.0523 12.4766 22.5 12.0288 22.5 11.4766V10.4766C22.5 9.92428 22.0523 9.47656 21.5 9.47656Z"></path><path d="M12 15.4766V18.9766"></path><path d="M16.5 15.4766L16 18.9766"></path><path d="M7.5 15.4766L8 18.9766"></path></svg></button></div></div><div class="PriceDetailSection-module_section--GiX3L" data-testid="product-omnibus"><div class="tile-product__lowest-price"><div class="LowestPrice-module_text--cofnN LowestPrice-module_textSmall--57oJQ"><span>Najniższa cena: </span><span data-testid="lowest-price-in-30-days" class="LowestPrice-module_price--E4qKq ml-1"><span data-testid="product-price" class="styles-module_strike--3Okb2  styles-module_xxxSmall--DH55z styles-module_price--9IDpJ">115<span class="styles-module_price--9IDpJ">,99</span> <span>zł</span></span></span><button aria-label="Najniższa cena z 30 dni przed obniżką" data-state="closed" class="OmnibusTrigger-module_button--G5UaQ"><svg class="ui-icon " stroke-width="1.2" width="16" height="16" viewBox="0 0 24 24" preserveAspectRatio="" fill="none" stroke="currentColor" stroke-linecap="round" stroke-linejoin="round" overflow="visible"><path d="M12 22C17.5228 22 22 17.5228 22 12C22 6.47714 17.5228 2 12 2C6.47715 2 2 6.47714 2 12C2 17.5228 6.47715 22 12 22Z"></path><path d="M14 17H12.6667C12.4309 17 12.2048 16.8946 12.0381 16.7071C11.8715 16.5196 11.7778 16.2652 11.7778 16V10.5C11.7778 10.3674 11.7309 10.2402 11.6476 10.1465C11.5643 10.0527 11.4512 10 11.3333 10H10"></path><path d="M11.7415 7C11.6034 7 11.4915 6.88807 11.4915 6.75C11.4915 6.61193 11.6034 6.5 11.7415 6.5"></path><path d="M11.7415 7C11.8795 7 11.9915 6.88807 11.9915 6.75C11.9915 6.61193 11.8795 6.5 11.7415 6.5"></path></svg></button></div></div></div></div><div class="AvailabilitySection-module_section--IibdL AvailabilitySection-module_sectionRound--7ZN6d"><div class="AvailabilitySection-module_record--sV0gc"><div class="AvailabilitySection-module_icon--FClji AvailabilitySection-module_iconHigh--A0P1q"><svg class="ui-icon AvailabilitySection-module_iconCheck--68pbU" stroke-width="1.2" width=" 24" height="24" viewBox="0 0 24 24" preserveAspectRatio="" fill="none" stroke="currentColor" stroke-linecap="round" stroke-linejoin="round" overflow="visible"><path d="M12.6667 4.30981L5.97106 13.6431L3.33337 11.0055"></path></svg></div><div class="AvailabilitySection-module_text--zxru7 AvailabilitySection-module_textSmall--n1xcJ">Dostępny tylko online</div></div></div></section></div></div></div><div class="swiper-slide ProductSlider-module_slideWithImage--jP2ra mb-4" style="margin-right: 16px;"><div class="ProductTile-module_tile--yFwR2 ProductTile-module_small--bAwXa ProductTile-module_round--R0J7y ProductTile-module_bt--7Rs6T ProductTile-module_br--DiNim ProductTile-module_bb--6rqC2 ProductTile-module_bl--VrBPG " data-testid="product-container"><section><div><div class="HeaderSection-module_headerSection--0ATl3"><div class="HeaderSection-module_badgesSection--2J8Ry"><span class="styles-module_badge--ptqlS  "><span>TYLKO ONLINE</span></span></div><button aria-label="Dodaj do ulubionych" data-testid="product-add-to-favorites-button" class="HeaderSection-module_favoritesBtn--AtrEF snrs-add-to-fav" data-sku="2106319"><svg class="icon HeaderSection-module_icon--izXrZ " width="22" height="20" viewBox="0 0 22 20" fill="none" xmlns="http://www.w3.org/2000/svg"><path d="M11.0002 19L2.47741 9.85496C1.72993 9.09105 1.23535 8.09895 1.06538 7.02248C0.89541 5.94601 1.05887 4.84111 1.53207 3.86794C1.89665 3.13055 2.42251 2.4928 3.0672 2.00617C3.7119 1.51954 4.45737 1.19766 5.24344 1.06652C6.02951 0.935373 6.83416 0.998637 7.59245 1.2512C8.35073 1.50376 9.04141 1.93855 9.60872 2.52047L11.0002 3.84257L12.3917 2.52047C12.9591 1.93874 13.6498 1.50411 14.408 1.25166C15.1663 0.999207 15.9708 0.935998 16.7569 1.06713C17.5429 1.19827 18.2883 1.52007 18.933 2.00658C19.5777 2.4931 20.1036 3.13069 20.4683 3.86794C20.9412 4.84117 21.1046 5.94601 20.9346 7.02241C20.7646 8.09882 20.2702 9.0909 19.523 9.85496L11.0002 19Z" stroke="currentColor" stroke-width="1.5" stroke-linecap="round" stroke-linejoin="round"></path></svg></button></div></div><div class="ProductTile-module_imageSection--4dy3j"><div class="ImageSection-module_imageSection--JW6B4 ImageSection-module_imageSectionSmall--wtsuO  "><a href="/Produkt/Korektory/Collistar-Lift-HD-korektor-do-twarzy-nr-2-Naturale-Dorato-4-ml,2106319,12011"><img loading="lazy" src="https://pro-fra-s3-productsassets.rossmann.pl/product_7_small/2106319_338_190_1739452358.webp" alt="COLLISTAR Lift HD+ ,korektor do twarzy, nr 2 Naturale Dorato,kompozycja-2" data-testid="product-image"></a><div class="ImageSection-module_cmpInfoWrapper---gDf+"></div></div></div><div><a href="/Produkt/Korektory/Collistar-Lift-HD-korektor-do-twarzy-nr-2-Naturale-Dorato-4-ml,2106319,12011"><div title="COLLISTAR Lift HD+ " class="DescriptionSection-module_brand--+Edq7 DescriptionSection-module_brandSmall--J0DP7" data-testid="product-brand"><strong class="DescriptionSection-module_strongSmall--8u2H2">COLLISTAR Lift HD+ </strong></div><div title="korektor do twarzy, nr 2 Naturale Dorato" class="DescriptionSection-module_caption--t+QTb DescriptionSection-module_captionSmall--ClR1Q" data-testid="product-caption">korektor do twarzy, nr 2 Naturale Dorato</div><div class="DescriptionSection-module_unitSmall--AyjB0" data-testid="product-unit">4 ml</div></a></div></section><div class="ProductTile-module_priceBox--SIN7O"><section class="w-100 flex flex-column justify-content-between"><div><div class="PriceSection-module_priceSection--eIBii"><div class="PriceSection-module_priceContainer--SxUEN"><div class="PriceSection-module_priceBox--X1xEI" data-testid="product-current-price-wrapper"><span class="PriceSection-module_price--I18Do PriceSection-module_priceSmall--UhUP0 PriceSection-module_pricePromotion--4NEgk" data-testid="product-price"><span>86</span><span>,99 zł</span></span></div><span class="PriceSection-module_pricePerUnitSmall--GF40k" data-testid="product-price-per-unit">100 ml = 2174,75 zł</span></div><div><button aria-label="Dodaj do koszyka" data-testid="product-add-to-basket-button" class="PriceSection-module_cartBtn--LT628 snrs-add-to-cart" data-sku="2106319" data-name="Lift HD+ " data-regular-price="129.99" data-promo-price="86.99" data-omnibus-price="129.99" data-unit-price="100 ml = 2174,75 zł" data-link="/Produkt/Korektory/Collistar-Lift-HD-korektor-do-twarzy-nr-2-Naturale-Dorato-4-ml,2106319,12011" data-img-link="https://pro-fra-s3-productsassets.rossmann.pl/product_7_medium/2106319_360_350_1739452358.webp" data-labels="[&quot;TYLKO ONLINE&quot;]" data-brand="COLLISTAR" data-caption="korektor do twarzy, nr 2 Naturale Dorato" data-unit="4 ml"><svg class="ui-icon " stroke-width="1.8" width="16" height="16" viewBox="0 0 24 24" preserveAspectRatio="" fill="none" stroke="currentColor" stroke-linecap="round" stroke-linejoin="round" overflow="visible"><path d="M3.5 9.47656L6.5 3.47656"></path><path d="M20.5 9.47656L17.5 3.47656"></path><path d="M21.5 12.4766H2.5L4.2 20.9836C4.30662 21.4208 4.56062 21.808 4.91924 22.0799C5.27786 22.3518 5.7192 22.4919 6.169 22.4766H17.831C18.2808 22.4919 18.7221 22.3518 19.0808 22.0799C19.4394 21.808 19.6934 21.4208 19.8 20.9836L21.5 12.4766Z"></path><path d="M21.5 9.47656H2.5C1.94772 9.47656 1.5 9.92428 1.5 10.4766V11.4766C1.5 12.0288 1.94772 12.4766 2.5 12.4766H21.5C22.0523 12.4766 22.5 12.0288 22.5 11.4766V10.4766C22.5 9.92428 22.0523 9.47656 21.5 9.47656Z"></path><path d="M12 15.4766V18.9766"></path><path d="M16.5 15.4766L16 18.9766"></path><path d="M7.5 15.4766L8 18.9766"></path></svg></button></div></div><div class="PriceDetailSection-module_section--GiX3L" data-testid="product-omnibus"><div class="tile-product__lowest-price"><div class="LowestPrice-module_text--cofnN LowestPrice-module_textSmall--57oJQ"><span>Najniższa cena: </span><span data-testid="lowest-price-in-30-days" class="LowestPrice-module_price--E4qKq ml-1"><span data-testid="product-price" class="styles-module_strike--3Okb2  styles-module_xxxSmall--DH55z styles-module_price--9IDpJ">129<span class="styles-module_price--9IDpJ">,99</span> <span>zł</span></span></span><button aria-label="Najniższa cena z 30 dni przed obniżką" data-state="closed" class="OmnibusTrigger-module_button--G5UaQ"><svg class="ui-icon " stroke-width="1.2" width="16" height="16" viewBox="0 0 24 24" preserveAspectRatio="" fill="none" stroke="currentColor" stroke-linecap="round" stroke-linejoin="round" overflow="visible"><path d="M12 22C17.5228 22 22 17.5228 22 12C22 6.47714 17.5228 2 12 2C6.47715 2 2 6.47714 2 12C2 17.5228 6.47715 22 12 22Z"></path><path d="M14 17H12.6667C12.4309 17 12.2048 16.8946 12.0381 16.7071C11.8715 16.5196 11.7778 16.2652 11.7778 16V10.5C11.7778 10.3674 11.7309 10.2402 11.6476 10.1465C11.5643 10.0527 11.4512 10 11.3333 10H10"></path><path d="M11.7415 7C11.6034 7 11.4915 6.88807 11.4915 6.75C11.4915 6.61193 11.6034 6.5 11.7415 6.5"></path><path d="M11.7415 7C11.8795 7 11.9915 6.88807 11.9915 6.75C11.9915 6.61193 11.8795 6.5 11.7415 6.5"></path></svg></button></div></div></div></div><div class="AvailabilitySection-module_section--IibdL AvailabilitySection-module_sectionRound--7ZN6d"><div class="AvailabilitySection-module_record--sV0gc"><div class="AvailabilitySection-module_icon--FClji AvailabilitySection-module_iconHigh--A0P1q"><svg class="ui-icon AvailabilitySection-module_iconCheck--68pbU" stroke-width="1.2" width=" 24" height="24" viewBox="0 0 24 24" preserveAspectRatio="" fill="none" stroke="currentColor" stroke-linecap="round" stroke-linejoin="round" overflow="visible"><path d="M12.6667 4.30981L5.97106 13.6431L3.33337 11.0055"></path></svg></div><div class="AvailabilitySection-module_text--zxru7 AvailabilitySection-module_textSmall--n1xcJ">Dostępny tylko online</div></div></div></section></div></div></div><div class="swiper-slide ProductSlider-module_slideWithImage--jP2ra mb-4" style="margin-right: 16px;"><div class="ProductTile-module_tile--yFwR2 ProductTile-module_small--bAwXa ProductTile-module_round--R0J7y ProductTile-module_bt--7Rs6T ProductTile-module_br--DiNim ProductTile-module_bb--6rqC2 ProductTile-module_bl--VrBPG " data-testid="product-container"><section><div><div class="HeaderSection-module_headerSection--0ATl3"><div class="HeaderSection-module_badgesSection--2J8Ry"><span class="styles-module_badge--ptqlS  "><span>TYLKO ONLINE</span></span></div><button aria-label="Dodaj do ulubionych" data-testid="product-add-to-favorites-button" class="HeaderSection-module_favoritesBtn--AtrEF snrs-add-to-fav" data-sku="2106317"><svg class="icon HeaderSection-module_icon--izXrZ " width="22" height="20" viewBox="0 0 22 20" fill="none" xmlns="http://www.w3.org/2000/svg"><path d="M11.0002 19L2.47741 9.85496C1.72993 9.09105 1.23535 8.09895 1.06538 7.02248C0.89541 5.94601 1.05887 4.84111 1.53207 3.86794C1.89665 3.13055 2.42251 2.4928 3.0672 2.00617C3.7119 1.51954 4.45737 1.19766 5.24344 1.06652C6.02951 0.935373 6.83416 0.998637 7.59245 1.2512C8.35073 1.50376 9.04141 1.93855 9.60872 2.52047L11.0002 3.84257L12.3917 2.52047C12.9591 1.93874 13.6498 1.50411 14.408 1.25166C15.1663 0.999207 15.9708 0.935998 16.7569 1.06713C17.5429 1.19827 18.2883 1.52007 18.933 2.00658C19.5777 2.4931 20.1036 3.13069 20.4683 3.86794C20.9412 4.84117 21.1046 5.94601 20.9346 7.02241C20.7646 8.09882 20.2702 9.0909 19.523 9.85496L11.0002 19Z" stroke="currentColor" stroke-width="1.5" stroke-linecap="round" stroke-linejoin="round"></path></svg></button></div></div><div class="ProductTile-module_imageSection--4dy3j"><div class="ImageSection-module_imageSection--JW6B4 ImageSection-module_imageSectionSmall--wtsuO  "><a href="/Produkt/Korektory/Collistar-Lift-HD-korektor-do-twarzy-nr-0-Avorio-4-ml,2106317,12011"><img loading="lazy" src="https://pro-fra-s3-productsassets.rossmann.pl/product_7_small/2106317_338_190_1739452286.webp" alt="COLLISTAR Lift HD+ ,korektor do twarzy, nr 0 Avorio,kompozycja-2" data-testid="product-image"></a><div class="ImageSection-module_cmpInfoWrapper---gDf+"></div></div></div><div><a href="/Produkt/Korektory/Collistar-Lift-HD-korektor-do-twarzy-nr-0-Avorio-4-ml,2106317,12011"><div title="COLLISTAR Lift HD+ " class="DescriptionSection-module_brand--+Edq7 DescriptionSection-module_brandSmall--J0DP7" data-testid="product-brand"><strong class="DescriptionSection-module_strongSmall--8u2H2">COLLISTAR Lift HD+ </strong></div><div title="korektor do twarzy, nr 0 Avorio" class="DescriptionSection-module_caption--t+QTb DescriptionSection-module_captionSmall--ClR1Q" data-testid="product-caption">korektor do twarzy, nr 0 Avorio</div><div class="DescriptionSection-module_unitSmall--AyjB0" data-testid="product-unit">4 ml</div></a></div></section><div class="ProductTile-module_priceBox--SIN7O"><section class="w-100 flex flex-column justify-content-between"><div><div class="PriceSection-module_priceSection--eIBii"><div class="PriceSection-module_priceContainer--SxUEN"><div class="PriceSection-module_priceBox--X1xEI" data-testid="product-current-price-wrapper"><span class="PriceSection-module_price--I18Do PriceSection-module_priceSmall--UhUP0 PriceSection-module_pricePromotion--4NEgk" data-testid="product-price"><span>86</span><span>,99 zł</span></span></div><span class="PriceSection-module_pricePerUnitSmall--GF40k" data-testid="product-price-per-unit">100 ml = 2174,75 zł</span></div><div><button aria-label="Dodaj do koszyka" data-testid="product-add-to-basket-button" class="PriceSection-module_cartBtn--LT628 snrs-add-to-cart" data-sku="2106317" data-name="Lift HD+ " data-regular-price="129.99" data-promo-price="86.99" data-omnibus-price="129.99" data-unit-price="100 ml = 2174,75 zł" data-link="/Produkt/Korektory/Collistar-Lift-HD-korektor-do-twarzy-nr-0-Avorio-4-ml,2106317,12011" data-img-link="https://pro-fra-s3-productsassets.rossmann.pl/product_7_medium/2106317_360_350_1739452287.webp" data-labels="[&quot;TYLKO ONLINE&quot;]" data-brand="COLLISTAR" data-caption="korektor do twarzy, nr 0 Avorio" data-unit="4 ml"><svg class="ui-icon " stroke-width="1.8" width="16" height="16" viewBox="0 0 24 24" preserveAspectRatio="" fill="none" stroke="currentColor" stroke-linecap="round" stroke-linejoin="round" overflow="visible"><path d="M3.5 9.47656L6.5 3.47656"></path><path d="M20.5 9.47656L17.5 3.47656"></path><path d="M21.5 12.4766H2.5L4.2 20.9836C4.30662 21.4208 4.56062 21.808 4.91924 22.0799C5.27786 22.3518 5.7192 22.4919 6.169 22.4766H17.831C18.2808 22.4919 18.7221 22.3518 19.0808 22.0799C19.4394 21.808 19.6934 21.4208 19.8 20.9836L21.5 12.4766Z"></path><path d="M21.5 9.47656H2.5C1.94772 9.47656 1.5 9.92428 1.5 10.4766V11.4766C1.5 12.0288 1.94772 12.4766 2.5 12.4766H21.5C22.0523 12.4766 22.5 12.0288 22.5 11.4766V10.4766C22.5 9.92428 22.0523 9.47656 21.5 9.47656Z"></path><path d="M12 15.4766V18.9766"></path><path d="M16.5 15.4766L16 18.9766"></path><path d="M7.5 15.4766L8 18.9766"></path></svg></button></div></div><div class="PriceDetailSection-module_section--GiX3L" data-testid="product-omnibus"><div class="tile-product__lowest-price"><div class="LowestPrice-module_text--cofnN LowestPrice-module_textSmall--57oJQ"><span>Najniższa cena: </span><span data-testid="lowest-price-in-30-days" class="LowestPrice-module_price--E4qKq ml-1"><span data-testid="product-price" class="styles-module_strike--3Okb2  styles-module_xxxSmall--DH55z styles-module_price--9IDpJ">129<span class="styles-module_price--9IDpJ">,99</span> <span>zł</span></span></span><button aria-label="Najniższa cena z 30 dni przed obniżką" data-state="closed" class="OmnibusTrigger-module_button--G5UaQ"><svg class="ui-icon " stroke-width="1.2" width="16" height="16" viewBox="0 0 24 24" preserveAspectRatio="" fill="none" stroke="currentColor" stroke-linecap="round" stroke-linejoin="round" overflow="visible"><path d="M12 22C17.5228 22 22 17.5228 22 12C22 6.47714 17.5228 2 12 2C6.47715 2 2 6.47714 2 12C2 17.5228 6.47715 22 12 22Z"></path><path d="M14 17H12.6667C12.4309 17 12.2048 16.8946 12.0381 16.7071C11.8715 16.5196 11.7778 16.2652 11.7778 16V10.5C11.7778 10.3674 11.7309 10.2402 11.6476 10.1465C11.5643 10.0527 11.4512 10 11.3333 10H10"></path><path d="M11.7415 7C11.6034 7 11.4915 6.88807 11.4915 6.75C11.4915 6.61193 11.6034 6.5 11.7415 6.5"></path><path d="M11.7415 7C11.8795 7 11.9915 6.88807 11.9915 6.75C11.9915 6.61193 11.8795 6.5 11.7415 6.5"></path></svg></button></div></div></div></div><div class="AvailabilitySection-module_section--IibdL AvailabilitySection-module_sectionRound--7ZN6d"><div class="AvailabilitySection-module_record--sV0gc"><div class="AvailabilitySection-module_icon--FClji AvailabilitySection-module_iconHigh--A0P1q"><svg class="ui-icon AvailabilitySection-module_iconCheck--68pbU" stroke-width="1.2" width=" 24" height="24" viewBox="0 0 24 24" preserveAspectRatio="" fill="none" stroke="currentColor" stroke-linecap="round" stroke-linejoin="round" overflow="visible"><path d="M12.6667 4.30981L5.97106 13.6431L3.33337 11.0055"></path></svg></div><div class="AvailabilitySection-module_text--zxru7 AvailabilitySection-module_textSmall--n1xcJ">Dostępny tylko online</div></div></div></section></div></div></div><div class="swiper-slide ProductSlider-module_slideWithImage--jP2ra mb-4" style="margin-right: 16px;"><div class="ProductTile-module_tile--yFwR2 ProductTile-module_small--bAwXa ProductTile-module_round--R0J7y ProductTile-module_bt--7Rs6T ProductTile-module_br--DiNim ProductTile-module_bb--6rqC2 ProductTile-module_bl--VrBPG " data-testid="product-container"><section><div><div class="HeaderSection-module_headerSection--0ATl3"><div class="HeaderSection-module_badgesSection--2J8Ry"><span class="styles-module_badge--ptqlS  "><span>TYLKO ONLINE</span></span></div><button aria-label="Dodaj do ulubionych" data-testid="product-add-to-favorites-button" class="HeaderSection-module_favoritesBtn--AtrEF snrs-add-to-fav" data-sku="2106291"><svg class="icon HeaderSection-module_icon--izXrZ " width="22" height="20" viewBox="0 0 22 20" fill="none" xmlns="http://www.w3.org/2000/svg"><path d="M11.0002 19L2.47741 9.85496C1.72993 9.09105 1.23535 8.09895 1.06538 7.02248C0.89541 5.94601 1.05887 4.84111 1.53207 3.86794C1.89665 3.13055 2.42251 2.4928 3.0672 2.00617C3.7119 1.51954 4.45737 1.19766 5.24344 1.06652C6.02951 0.935373 6.83416 0.998637 7.59245 1.2512C8.35073 1.50376 9.04141 1.93855 9.60872 2.52047L11.0002 3.84257L12.3917 2.52047C12.9591 1.93874 13.6498 1.50411 14.408 1.25166C15.1663 0.999207 15.9708 0.935998 16.7569 1.06713C17.5429 1.19827 18.2883 1.52007 18.933 2.00658C19.5777 2.4931 20.1036 3.13069 20.4683 3.86794C20.9412 4.84117 21.1046 5.94601 20.9346 7.02241C20.7646 8.09882 20.2702 9.0909 19.523 9.85496L11.0002 19Z" stroke="currentColor" stroke-width="1.5" stroke-linecap="round" stroke-linejoin="round"></path></svg></button></div></div><div class="ProductTile-module_imageSection--4dy3j"><div class="ImageSection-module_imageSection--JW6B4 ImageSection-module_imageSectionSmall--wtsuO  "><a href="/Produkt/Pudry/Collistar-puder-brazujacy-z-efektem-jedwabiu-nr-08-Capri-Glow-10-g,2106291,12007"><img loading="lazy" src="https://pro-fra-s3-productsassets.rossmann.pl/product_5_small/2106291_338_190_1739366346.webp" alt="COLLISTAR ,puder brązujący, z efektem jedwabiu, nr 08 Capri Glow,kompozycja-2" data-testid="product-image"></a><div class="ImageSection-module_cmpInfoWrapper---gDf+"></div></div></div><div><a href="/Produkt/Pudry/Collistar-puder-brazujacy-z-efektem-jedwabiu-nr-08-Capri-Glow-10-g,2106291,12007"><div title="COLLISTAR " class="DescriptionSection-module_brand--+Edq7 DescriptionSection-module_brandSmall--J0DP7" data-testid="product-brand"><strong class="DescriptionSection-module_strongSmall--8u2H2">COLLISTAR </strong></div><div title="puder brązujący, z efektem jedwabiu, nr 08 Capri Glow" class="DescriptionSection-module_caption--t+QTb DescriptionSection-module_captionSmall--ClR1Q" data-testid="product-caption">puder brązujący, z efektem jedwabiu, nr 08 Capri Glow</div><div class="DescriptionSection-module_unitSmall--AyjB0" data-testid="product-unit">10 g</div></a></div></section><div class="ProductTile-module_priceBox--SIN7O"><section class="w-100 flex flex-column justify-content-between"><div><div class="PriceSection-module_priceSection--eIBii"><div class="PriceSection-module_priceContainer--SxUEN"><div class="PriceSection-module_priceBox--X1xEI" data-testid="product-current-price-wrapper"><span class="PriceSection-module_price--I18Do PriceSection-module_priceSmall--UhUP0 PriceSection-module_pricePromotion--4NEgk" data-testid="product-price"><span>123</span><span>,99 zł</span></span></div><span class="PriceSection-module_pricePerUnitSmall--GF40k" data-testid="product-price-per-unit">100 g = 1239,90 zł</span></div><div><button aria-label="Dodaj do koszyka" data-testid="product-add-to-basket-button" class="PriceSection-module_cartBtn--LT628 snrs-add-to-cart" data-sku="2106291" data-name="" data-regular-price="184.99" data-promo-price="123.99" data-omnibus-price="184.99" data-unit-price="100 g = 1239,90 zł" data-link="/Produkt/Pudry/Collistar-puder-brazujacy-z-efektem-jedwabiu-nr-08-Capri-Glow-10-g,2106291,12007" data-img-link="https://pro-fra-s3-productsassets.rossmann.pl/product_5_medium/2106291_360_350_1739366347.webp" data-labels="[&quot;TYLKO ONLINE&quot;]" data-brand="COLLISTAR" data-caption="puder brązujący, z efektem jedwabiu, nr 08 Capri Glow" data-unit="10 g"><svg class="ui-icon " stroke-width="1.8" width="16" height="16" viewBox="0 0 24 24" preserveAspectRatio="" fill="none" stroke="currentColor" stroke-linecap="round" stroke-linejoin="round" overflow="visible"><path d="M3.5 9.47656L6.5 3.47656"></path><path d="M20.5 9.47656L17.5 3.47656"></path><path d="M21.5 12.4766H2.5L4.2 20.9836C4.30662 21.4208 4.56062 21.808 4.91924 22.0799C5.27786 22.3518 5.7192 22.4919 6.169 22.4766H17.831C18.2808 22.4919 18.7221 22.3518 19.0808 22.0799C19.4394 21.808 19.6934 21.4208 19.8 20.9836L21.5 12.4766Z"></path><path d="M21.5 9.47656H2.5C1.94772 9.47656 1.5 9.92428 1.5 10.4766V11.4766C1.5 12.0288 1.94772 12.4766 2.5 12.4766H21.5C22.0523 12.4766 22.5 12.0288 22.5 11.4766V10.4766C22.5 9.92428 22.0523 9.47656 21.5 9.47656Z"></path><path d="M12 15.4766V18.9766"></path><path d="M16.5 15.4766L16 18.9766"></path><path d="M7.5 15.4766L8 18.9766"></path></svg></button></div></div><div class="PriceDetailSection-module_section--GiX3L" data-testid="product-omnibus"><div class="tile-product__lowest-price"><div class="LowestPrice-module_text--cofnN LowestPrice-module_textSmall--57oJQ"><span>Najniższa cena: </span><span data-testid="lowest-price-in-30-days" class="LowestPrice-module_price--E4qKq ml-1"><span data-testid="product-price" class="styles-module_strike--3Okb2  styles-module_xxxSmall--DH55z styles-module_price--9IDpJ">184<span class="styles-module_price--9IDpJ">,99</span> <span>zł</span></span></span><button aria-label="Najniższa cena z 30 dni przed obniżką" data-state="closed" class="OmnibusTrigger-module_button--G5UaQ"><svg class="ui-icon " stroke-width="1.2" width="16" height="16" viewBox="0 0 24 24" preserveAspectRatio="" fill="none" stroke="currentColor" stroke-linecap="round" stroke-linejoin="round" overflow="visible"><path d="M12 22C17.5228 22 22 17.5228 22 12C22 6.47714 17.5228 2 12 2C6.47715 2 2 6.47714 2 12C2 17.5228 6.47715 22 12 22Z"></path><path d="M14 17H12.6667C12.4309 17 12.2048 16.8946 12.0381 16.7071C11.8715 16.5196 11.7778 16.2652 11.7778 16V10.5C11.7778 10.3674 11.7309 10.2402 11.6476 10.1465C11.5643 10.0527 11.4512 10 11.3333 10H10"></path><path d="M11.7415 7C11.6034 7 11.4915 6.88807 11.4915 6.75C11.4915 6.61193 11.6034 6.5 11.7415 6.5"></path><path d="M11.7415 7C11.8795 7 11.9915 6.88807 11.9915 6.75C11.9915 6.61193 11.8795 6.5 11.7415 6.5"></path></svg></button></div></div></div></div><div class="AvailabilitySection-module_section--IibdL AvailabilitySection-module_sectionRound--7ZN6d"><div class="AvailabilitySection-module_record--sV0gc"><div class="AvailabilitySection-module_icon--FClji AvailabilitySection-module_iconHigh--A0P1q"><svg class="ui-icon AvailabilitySection-module_iconCheck--68pbU" stroke-width="1.2" width=" 24" height="24" viewBox="0 0 24 24" preserveAspectRatio="" fill="none" stroke="currentColor" stroke-linecap="round" stroke-linejoin="round" overflow="visible"><path d="M12.6667 4.30981L5.97106 13.6431L3.33337 11.0055"></path></svg></div><div class="AvailabilitySection-module_text--zxru7 AvailabilitySection-module_textSmall--n1xcJ">Dostępny tylko online</div></div></div></section></div></div></div><div class="swiper-slide ProductSlider-module_slideWithImage--jP2ra mb-4" style="margin-right: 16px;"><div class="ProductTile-module_tile--yFwR2 ProductTile-module_small--bAwXa ProductTile-module_round--R0J7y ProductTile-module_bt--7Rs6T ProductTile-module_br--DiNim ProductTile-module_bb--6rqC2 ProductTile-module_bl--VrBPG " data-testid="product-container"><section><div><div class="HeaderSection-module_headerSection--0ATl3"><div class="HeaderSection-module_badgesSection--2J8Ry"><span class="styles-module_badge--ptqlS  "><span>TYLKO ONLINE</span></span></div><button aria-label="Dodaj do ulubionych" data-testid="product-add-to-favorites-button" class="HeaderSection-module_favoritesBtn--AtrEF snrs-add-to-fav" data-sku="2106304"><svg class="icon HeaderSection-module_icon--izXrZ " width="22" height="20" viewBox="0 0 22 20" fill="none" xmlns="http://www.w3.org/2000/svg"><path d="M11.0002 19L2.47741 9.85496C1.72993 9.09105 1.23535 8.09895 1.06538 7.02248C0.89541 5.94601 1.05887 4.84111 1.53207 3.86794C1.89665 3.13055 2.42251 2.4928 3.0672 2.00617C3.7119 1.51954 4.45737 1.19766 5.24344 1.06652C6.02951 0.935373 6.83416 0.998637 7.59245 1.2512C8.35073 1.50376 9.04141 1.93855 9.60872 2.52047L11.0002 3.84257L12.3917 2.52047C12.9591 1.93874 13.6498 1.50411 14.408 1.25166C15.1663 0.999207 15.9708 0.935998 16.7569 1.06713C17.5429 1.19827 18.2883 1.52007 18.933 2.00658C19.5777 2.4931 20.1036 3.13069 20.4683 3.86794C20.9412 4.84117 21.1046 5.94601 20.9346 7.02241C20.7646 8.09882 20.2702 9.0909 19.523 9.85496L11.0002 19Z" stroke="currentColor" stroke-width="1.5" stroke-linecap="round" stroke-linejoin="round"></path></svg></button></div></div><div class="ProductTile-module_imageSection--4dy3j"><div class="ImageSection-module_imageSection--JW6B4 ImageSection-module_imageSectionSmall--wtsuO  "><a href="/Produkt/Podklady-do-twarzy/Collistar-Lift-HD-podklad-do-twarzy-nr-3R-Naturale-Rosato-30-ml,2106304,12004"><img loading="lazy" src="https://pro-fra-s3-productsassets.rossmann.pl/product_6_small/2106304_338_190_1739451108.webp" alt="COLLISTAR Lift HD+ ,podkład do twarzy, nr 3R Naturale Rosato,kompozycja-2" data-testid="product-image"></a><div class="ImageSection-module_cmpInfoWrapper---gDf+"></div></div></div><div><a href="/Produkt/Podklady-do-twarzy/Collistar-Lift-HD-podklad-do-twarzy-nr-3R-Naturale-Rosato-30-ml,2106304,12004"><div title="COLLISTAR Lift HD+ " class="DescriptionSection-module_brand--+Edq7 DescriptionSection-module_brandSmall--J0DP7" data-testid="product-brand"><strong class="DescriptionSection-module_strongSmall--8u2H2">COLLISTAR Lift HD+ </strong></div><div title="podkład do twarzy, nr 3R Naturale Rosato" class="DescriptionSection-module_caption--t+QTb DescriptionSection-module_captionSmall--ClR1Q" data-testid="product-caption">podkład do twarzy, nr 3R Naturale Rosato</div><div class="DescriptionSection-module_unitSmall--AyjB0" data-testid="product-unit">30 ml</div></a></div></section><div class="ProductTile-module_priceBox--SIN7O"><section class="w-100 flex flex-column justify-content-between"><div><div class="PriceSection-module_priceSection--eIBii"><div class="PriceSection-module_priceContainer--SxUEN"><div class="PriceSection-module_priceBox--X1xEI" data-testid="product-current-price-wrapper"><span class="PriceSection-module_price--I18Do PriceSection-module_priceSmall--UhUP0 PriceSection-module_pricePromotion--4NEgk" data-testid="product-price"><span>146</span><span>,99 zł</span></span></div><span class="PriceSection-module_pricePerUnitSmall--GF40k" data-testid="product-price-per-unit">100 ml = 489,97 zł</span></div><div><button aria-label="Dodaj do koszyka" data-testid="product-add-to-basket-button" class="PriceSection-module_cartBtn--LT628 snrs-add-to-cart" data-sku="2106304" data-name="Lift HD+ " data-regular-price="219.99" data-promo-price="146.99" data-omnibus-price="219.99" data-unit-price="100 ml = 489,97 zł" data-link="/Produkt/Podklady-do-twarzy/Collistar-Lift-HD-podklad-do-twarzy-nr-3R-Naturale-Rosato-30-ml,2106304,12004" data-img-link="https://pro-fra-s3-productsassets.rossmann.pl/product_6_medium/2106304_360_350_1739451108.webp" data-labels="[&quot;TYLKO ONLINE&quot;]" data-brand="COLLISTAR" data-caption="podkład do twarzy, nr 3R Naturale Rosato" data-unit="30 ml"><svg class="ui-icon " stroke-width="1.8" width="16" height="16" viewBox="0 0 24 24" preserveAspectRatio="" fill="none" stroke="currentColor" stroke-linecap="round" stroke-linejoin="round" overflow="visible"><path d="M3.5 9.47656L6.5 3.47656"></path><path d="M20.5 9.47656L17.5 3.47656"></path><path d="M21.5 12.4766H2.5L4.2 20.9836C4.30662 21.4208 4.56062 21.808 4.91924 22.0799C5.27786 22.3518 5.7192 22.4919 6.169 22.4766H17.831C18.2808 22.4919 18.7221 22.3518 19.0808 22.0799C19.4394 21.808 19.6934 21.4208 19.8 20.9836L21.5 12.4766Z"></path><path d="M21.5 9.47656H2.5C1.94772 9.47656 1.5 9.92428 1.5 10.4766V11.4766C1.5 12.0288 1.94772 12.4766 2.5 12.4766H21.5C22.0523 12.4766 22.5 12.0288 22.5 11.4766V10.4766C22.5 9.92428 22.0523 9.47656 21.5 9.47656Z"></path><path d="M12 15.4766V18.9766"></path><path d="M16.5 15.4766L16 18.9766"></path><path d="M7.5 15.4766L8 18.9766"></path></svg></button></div></div><div class="PriceDetailSection-module_section--GiX3L" data-testid="product-omnibus"><div class="tile-product__lowest-price"><div class="LowestPrice-module_text--cofnN LowestPrice-module_textSmall--57oJQ"><span>Najniższa cena: </span><span data-testid="lowest-price-in-30-days" class="LowestPrice-module_price--E4qKq ml-1"><span data-testid="product-price" class="styles-module_strike--3Okb2  styles-module_xxxSmall--DH55z styles-module_price--9IDpJ">219<span class="styles-module_price--9IDpJ">,99</span> <span>zł</span></span></span><button aria-label="Najniższa cena z 30 dni przed obniżką" data-state="closed" class="OmnibusTrigger-module_button--G5UaQ"><svg class="ui-icon " stroke-width="1.2" width="16" height="16" viewBox="0 0 24 24" preserveAspectRatio="" fill="none" stroke="currentColor" stroke-linecap="round" stroke-linejoin="round" overflow="visible"><path d="M12 22C17.5228 22 22 17.5228 22 12C22 6.47714 17.5228 2 12 2C6.47715 2 2 6.47714 2 12C2 17.5228 6.47715 22 12 22Z"></path><path d="M14 17H12.6667C12.4309 17 12.2048 16.8946 12.0381 16.7071C11.8715 16.5196 11.7778 16.2652 11.7778 16V10.5C11.7778 10.3674 11.7309 10.2402 11.6476 10.1465C11.5643 10.0527 11.4512 10 11.3333 10H10"></path><path d="M11.7415 7C11.6034 7 11.4915 6.88807 11.4915 6.75C11.4915 6.61193 11.6034 6.5 11.7415 6.5"></path><path d="M11.7415 7C11.8795 7 11.9915 6.88807 11.9915 6.75C11.9915 6.61193 11.8795 6.5 11.7415 6.5"></path></svg></button></div></div></div></div><div class="AvailabilitySection-module_section--IibdL AvailabilitySection-module_sectionRound--7ZN6d"><div class="AvailabilitySection-module_record--sV0gc"><div class="AvailabilitySection-module_icon--FClji AvailabilitySection-module_iconHigh--A0P1q"><svg class="ui-icon AvailabilitySection-module_iconCheck--68pbU" stroke-width="1.2" width=" 24" height="24" viewBox="0 0 24 24" preserveAspectRatio="" fill="none" stroke="currentColor" stroke-linecap="round" stroke-linejoin="round" overflow="visible"><path d="M12.6667 4.30981L5.97106 13.6431L3.33337 11.0055"></path></svg></div><div class="AvailabilitySection-module_text--zxru7 AvailabilitySection-module_textSmall--n1xcJ">Dostępny tylko online</div></div></div></section></div></div></div><div class="swiper-slide ProductSlider-module_slideWithImage--jP2ra mb-4" style="margin-right: 16px;"><div class="ProductTile-module_tile--yFwR2 ProductTile-module_small--bAwXa ProductTile-module_round--R0J7y ProductTile-module_bt--7Rs6T ProductTile-module_br--DiNim ProductTile-module_bb--6rqC2 ProductTile-module_bl--VrBPG " data-testid="product-container"><section><div><div class="HeaderSection-module_headerSection--0ATl3"><div class="HeaderSection-module_badgesSection--2J8Ry"><span class="styles-module_badge--ptqlS  "><span>TYLKO ONLINE</span></span></div><button aria-label="Dodaj do ulubionych" data-testid="product-add-to-favorites-button" class="HeaderSection-module_favoritesBtn--AtrEF snrs-add-to-fav" data-sku="2106313"><svg class="icon HeaderSection-module_icon--izXrZ " width="22" height="20" viewBox="0 0 22 20" fill="none" xmlns="http://www.w3.org/2000/svg"><path d="M11.0002 19L2.47741 9.85496C1.72993 9.09105 1.23535 8.09895 1.06538 7.02248C0.89541 5.94601 1.05887 4.84111 1.53207 3.86794C1.89665 3.13055 2.42251 2.4928 3.0672 2.00617C3.7119 1.51954 4.45737 1.19766 5.24344 1.06652C6.02951 0.935373 6.83416 0.998637 7.59245 1.2512C8.35073 1.50376 9.04141 1.93855 9.60872 2.52047L11.0002 3.84257L12.3917 2.52047C12.9591 1.93874 13.6498 1.50411 14.408 1.25166C15.1663 0.999207 15.9708 0.935998 16.7569 1.06713C17.5429 1.19827 18.2883 1.52007 18.933 2.00658C19.5777 2.4931 20.1036 3.13069 20.4683 3.86794C20.9412 4.84117 21.1046 5.94601 20.9346 7.02241C20.7646 8.09882 20.2702 9.0909 19.523 9.85496L11.0002 19Z" stroke="currentColor" stroke-width="1.5" stroke-linecap="round" stroke-linejoin="round"></path></svg></button></div></div><div class="ProductTile-module_imageSection--4dy3j"><div class="ImageSection-module_imageSection--JW6B4 ImageSection-module_imageSectionSmall--wtsuO  "><a href="/Produkt/Korektory/Collistar-Impeccabile-korektor-do-twarzy-w-sztyfcie-nr-25-Nude-4-ml,2106313,12011"><img loading="lazy" src="https://pro-fra-s3-productsassets.rossmann.pl/product_7_small/2106313_338_190_1739447315.webp" alt="COLLISTAR Impeccabile ,korektor do twarzy, w sztyfcie, nr 2.5 Nude,kompozycja-2" data-testid="product-image"></a><div class="ImageSection-module_cmpInfoWrapper---gDf+"></div></div></div><div><a href="/Produkt/Korektory/Collistar-Impeccabile-korektor-do-twarzy-w-sztyfcie-nr-25-Nude-4-ml,2106313,12011"><div title="COLLISTAR Impeccabile " class="DescriptionSection-module_brand--+Edq7 DescriptionSection-module_brandSmall--J0DP7" data-testid="product-brand"><strong class="DescriptionSection-module_strongSmall--8u2H2">COLLISTAR Impeccabile </strong></div><div title="korektor do twarzy, w sztyfcie, nr 2.5 Nude" class="DescriptionSection-module_caption--t+QTb DescriptionSection-module_captionSmall--ClR1Q" data-testid="product-caption">korektor do twarzy, w sztyfcie, nr 2.5 Nude</div><div class="DescriptionSection-module_unitSmall--AyjB0" data-testid="product-unit">4 ml</div></a></div></section><div class="ProductTile-module_priceBox--SIN7O"><section class="w-100 flex flex-column justify-content-between"><div><div class="PriceSection-module_priceSection--eIBii"><div class="PriceSection-module_priceContainer--SxUEN"><div class="PriceSection-module_priceBox--X1xEI" data-testid="product-current-price-wrapper"><span class="PriceSection-module_price--I18Do PriceSection-module_priceSmall--UhUP0 PriceSection-module_pricePromotion--4NEgk" data-testid="product-price"><span>84</span><span>,99 zł</span></span></div><span class="PriceSection-module_pricePerUnitSmall--GF40k" data-testid="product-price-per-unit">100 ml = 2124,75 zł</span></div><div><button aria-label="Dodaj do koszyka" data-testid="product-add-to-basket-button" class="PriceSection-module_cartBtn--LT628 snrs-add-to-cart" data-sku="2106313" data-name="Impeccabile " data-regular-price="127.99" data-promo-price="84.99" data-omnibus-price="85.99" data-unit-price="100 ml = 2124,75 zł" data-link="/Produkt/Korektory/Collistar-Impeccabile-korektor-do-twarzy-w-sztyfcie-nr-25-Nude-4-ml,2106313,12011" data-img-link="https://pro-fra-s3-productsassets.rossmann.pl/product_7_medium/2106313_360_350_1739447315.webp" data-labels="[&quot;TYLKO ONLINE&quot;]" data-brand="COLLISTAR" data-caption="korektor do twarzy, w sztyfcie, nr 2.5 Nude" data-unit="4 ml"><svg class="ui-icon " stroke-width="1.8" width="16" height="16" viewBox="0 0 24 24" preserveAspectRatio="" fill="none" stroke="currentColor" stroke-linecap="round" stroke-linejoin="round" overflow="visible"><path d="M3.5 9.47656L6.5 3.47656"></path><path d="M20.5 9.47656L17.5 3.47656"></path><path d="M21.5 12.4766H2.5L4.2 20.9836C4.30662 21.4208 4.56062 21.808 4.91924 22.0799C5.27786 22.3518 5.7192 22.4919 6.169 22.4766H17.831C18.2808 22.4919 18.7221 22.3518 19.0808 22.0799C19.4394 21.808 19.6934 21.4208 19.8 20.9836L21.5 12.4766Z"></path><path d="M21.5 9.47656H2.5C1.94772 9.47656 1.5 9.92428 1.5 10.4766V11.4766C1.5 12.0288 1.94772 12.4766 2.5 12.4766H21.5C22.0523 12.4766 22.5 12.0288 22.5 11.4766V10.4766C22.5 9.92428 22.0523 9.47656 21.5 9.47656Z"></path><path d="M12 15.4766V18.9766"></path><path d="M16.5 15.4766L16 18.9766"></path><path d="M7.5 15.4766L8 18.9766"></path></svg></button></div></div><div class="PriceDetailSection-module_section--GiX3L" data-testid="product-omnibus"><div class="tile-product__lowest-price"><div class="BasicPrice-module_text--3+PZK BasicPrice-module_textSmall--i6ihL"><span>Cena&nbsp;regularna:</span><span data-testid="basic-price" class="BasicPrice-module_price--QC1tg"><span data-testid="product-price" class="styles-module_strike--3Okb2  styles-module_xxxSmall--DH55z styles-module_price--9IDpJ">127<span class="styles-module_price--9IDpJ">,99</span> <span>zł</span></span></span></div></div><div class="tile-product__lowest-price"><div class="LowestPrice-module_text--cofnN LowestPrice-module_textSmall--57oJQ"><span>Najniższa cena: </span><span data-testid="lowest-price-in-30-days" class="LowestPrice-module_price--E4qKq ml-1"><span data-testid="product-price" class="styles-module_strike--3Okb2  styles-module_xxxSmall--DH55z styles-module_price--9IDpJ">85<span class="styles-module_price--9IDpJ">,99</span> <span>zł</span></span></span><button aria-label="Najniższa cena z 30 dni przed obniżką" data-state="closed" class="OmnibusTrigger-module_button--G5UaQ"><svg class="ui-icon " stroke-width="1.2" width="16" height="16" viewBox="0 0 24 24" preserveAspectRatio="" fill="none" stroke="currentColor" stroke-linecap="round" stroke-linejoin="round" overflow="visible"><path d="M12 22C17.5228 22 22 17.5228 22 12C22 6.47714 17.5228 2 12 2C6.47715 2 2 6.47714 2 12C2 17.5228 6.47715 22 12 22Z"></path><path d="M14 17H12.6667C12.4309 17 12.2048 16.8946 12.0381 16.7071C11.8715 16.5196 11.7778 16.2652 11.7778 16V10.5C11.7778 10.3674 11.7309 10.2402 11.6476 10.1465C11.5643 10.0527 11.4512 10 11.3333 10H10"></path><path d="M11.7415 7C11.6034 7 11.4915 6.88807 11.4915 6.75C11.4915 6.61193 11.6034 6.5 11.7415 6.5"></path><path d="M11.7415 7C11.8795 7 11.9915 6.88807 11.9915 6.75C11.9915 6.61193 11.8795 6.5 11.7415 6.5"></path></svg></button></div></div></div></div><div class="AvailabilitySection-module_section--IibdL AvailabilitySection-module_sectionRound--7ZN6d"><div class="AvailabilitySection-module_record--sV0gc"><div class="AvailabilitySection-module_icon--FClji AvailabilitySection-module_iconHigh--A0P1q"><svg class="ui-icon AvailabilitySection-module_iconCheck--68pbU" stroke-width="1.2" width=" 24" height="24" viewBox="0 0 24 24" preserveAspectRatio="" fill="none" stroke="currentColor" stroke-linecap="round" stroke-linejoin="round" overflow="visible"><path d="M12.6667 4.30981L5.97106 13.6431L3.33337 11.0055"></path></svg></div><div class="AvailabilitySection-module_text--zxru7 AvailabilitySection-module_textSmall--n1xcJ">Dostępny tylko online</div></div></div></section></div></div></div><div class="swiper-slide ProductSlider-module_slideWithImage--jP2ra mb-4" style="margin-right: 16px;"><div class="ProductTile-module_tile--yFwR2 ProductTile-module_small--bAwXa ProductTile-module_round--R0J7y ProductTile-module_bt--7Rs6T ProductTile-module_br--DiNim ProductTile-module_bb--6rqC2 ProductTile-module_bl--VrBPG " data-testid="product-container"><section><div><div class="HeaderSection-module_headerSection--0ATl3"><div class="HeaderSection-module_badgesSection--2J8Ry"><span class="styles-module_badge--ptqlS  "><span>TYLKO ONLINE</span></span></div><button aria-label="Dodaj do ulubionych" data-testid="product-add-to-favorites-button" class="HeaderSection-module_favoritesBtn--AtrEF snrs-add-to-fav" data-sku="2106314"><svg class="icon HeaderSection-module_icon--izXrZ " width="22" height="20" viewBox="0 0 22 20" fill="none" xmlns="http://www.w3.org/2000/svg"><path d="M11.0002 19L2.47741 9.85496C1.72993 9.09105 1.23535 8.09895 1.06538 7.02248C0.89541 5.94601 1.05887 4.84111 1.53207 3.86794C1.89665 3.13055 2.42251 2.4928 3.0672 2.00617C3.7119 1.51954 4.45737 1.19766 5.24344 1.06652C6.02951 0.935373 6.83416 0.998637 7.59245 1.2512C8.35073 1.50376 9.04141 1.93855 9.60872 2.52047L11.0002 3.84257L12.3917 2.52047C12.9591 1.93874 13.6498 1.50411 14.408 1.25166C15.1663 0.999207 15.9708 0.935998 16.7569 1.06713C17.5429 1.19827 18.2883 1.52007 18.933 2.00658C19.5777 2.4931 20.1036 3.13069 20.4683 3.86794C20.9412 4.84117 21.1046 5.94601 20.9346 7.02241C20.7646 8.09882 20.2702 9.0909 19.523 9.85496L11.0002 19Z" stroke="currentColor" stroke-width="1.5" stroke-linecap="round" stroke-linejoin="round"></path></svg></button></div></div><div class="ProductTile-module_imageSection--4dy3j"><div class="ImageSection-module_imageSection--JW6B4 ImageSection-module_imageSectionSmall--wtsuO  "><a href="/Produkt/Korektory/Collistar-Impeccabile-korektor-do-twarzy-w-sztyfcie-nr-3-Natural-4-ml,2106314,12011"><img loading="lazy" src="https://pro-fra-s3-productsassets.rossmann.pl/product_7_small/2106314_338_190_1739447349.webp" alt="COLLISTAR Impeccabile ,korektor do twarzy, w sztyfcie, nr 3 Natural,kompozycja-2" data-testid="product-image"></a><div class="ImageSection-module_cmpInfoWrapper---gDf+"></div></div></div><div><a href="/Produkt/Korektory/Collistar-Impeccabile-korektor-do-twarzy-w-sztyfcie-nr-3-Natural-4-ml,2106314,12011"><div title="COLLISTAR Impeccabile " class="DescriptionSection-module_brand--+Edq7 DescriptionSection-module_brandSmall--J0DP7" data-testid="product-brand"><strong class="DescriptionSection-module_strongSmall--8u2H2">COLLISTAR Impeccabile </strong></div><div title="korektor do twarzy, w sztyfcie, nr 3 Natural" class="DescriptionSection-module_caption--t+QTb DescriptionSection-module_captionSmall--ClR1Q" data-testid="product-caption">korektor do twarzy, w sztyfcie, nr 3 Natural</div><div class="DescriptionSection-module_unitSmall--AyjB0" data-testid="product-unit">4 ml</div></a></div></section><div class="ProductTile-module_priceBox--SIN7O"><section class="w-100 flex flex-column justify-content-between"><div><div class="PriceSection-module_priceSection--eIBii"><div class="PriceSection-module_priceContainer--SxUEN"><div class="PriceSection-module_priceBox--X1xEI" data-testid="product-current-price-wrapper"><span class="PriceSection-module_price--I18Do PriceSection-module_priceSmall--UhUP0 PriceSection-module_pricePromotion--4NEgk" data-testid="product-price"><span>84</span><span>,99 zł</span></span></div><span class="PriceSection-module_pricePerUnitSmall--GF40k" data-testid="product-price-per-unit">100 ml = 2124,75 zł</span></div><div><button aria-label="Dodaj do koszyka" data-testid="product-add-to-basket-button" class="PriceSection-module_cartBtn--LT628 snrs-add-to-cart" data-sku="2106314" data-name="Impeccabile " data-regular-price="127.99" data-promo-price="84.99" data-omnibus-price="85.99" data-unit-price="100 ml = 2124,75 zł" data-link="/Produkt/Korektory/Collistar-Impeccabile-korektor-do-twarzy-w-sztyfcie-nr-3-Natural-4-ml,2106314,12011" data-img-link="https://pro-fra-s3-productsassets.rossmann.pl/product_7_medium/2106314_360_350_1739447349.webp" data-labels="[&quot;TYLKO ONLINE&quot;]" data-brand="COLLISTAR" data-caption="korektor do twarzy, w sztyfcie, nr 3 Natural" data-unit="4 ml"><svg class="ui-icon " stroke-width="1.8" width="16" height="16" viewBox="0 0 24 24" preserveAspectRatio="" fill="none" stroke="currentColor" stroke-linecap="round" stroke-linejoin="round" overflow="visible"><path d="M3.5 9.47656L6.5 3.47656"></path><path d="M20.5 9.47656L17.5 3.47656"></path><path d="M21.5 12.4766H2.5L4.2 20.9836C4.30662 21.4208 4.56062 21.808 4.91924 22.0799C5.27786 22.3518 5.7192 22.4919 6.169 22.4766H17.831C18.2808 22.4919 18.7221 22.3518 19.0808 22.0799C19.4394 21.808 19.6934 21.4208 19.8 20.9836L21.5 12.4766Z"></path><path d="M21.5 9.47656H2.5C1.94772 9.47656 1.5 9.92428 1.5 10.4766V11.4766C1.5 12.0288 1.94772 12.4766 2.5 12.4766H21.5C22.0523 12.4766 22.5 12.0288 22.5 11.4766V10.4766C22.5 9.92428 22.0523 9.47656 21.5 9.47656Z"></path><path d="M12 15.4766V18.9766"></path><path d="M16.5 15.4766L16 18.9766"></path><path d="M7.5 15.4766L8 18.9766"></path></svg></button></div></div><div class="PriceDetailSection-module_section--GiX3L" data-testid="product-omnibus"><div class="tile-product__lowest-price"><div class="BasicPrice-module_text--3+PZK BasicPrice-module_textSmall--i6ihL"><span>Cena&nbsp;regularna:</span><span data-testid="basic-price" class="BasicPrice-module_price--QC1tg"><span data-testid="product-price" class="styles-module_strike--3Okb2  styles-module_xxxSmall--DH55z styles-module_price--9IDpJ">127<span class="styles-module_price--9IDpJ">,99</span> <span>zł</span></span></span></div></div><div class="tile-product__lowest-price"><div class="LowestPrice-module_text--cofnN LowestPrice-module_textSmall--57oJQ"><span>Najniższa cena: </span><span data-testid="lowest-price-in-30-days" class="LowestPrice-module_price--E4qKq ml-1"><span data-testid="product-price" class="styles-module_strike--3Okb2  styles-module_xxxSmall--DH55z styles-module_price--9IDpJ">85<span class="styles-module_price--9IDpJ">,99</span> <span>zł</span></span></span><button aria-label="Najniższa cena z 30 dni przed obniżką" data-state="closed" class="OmnibusTrigger-module_button--G5UaQ"><svg class="ui-icon " stroke-width="1.2" width="16" height="16" viewBox="0 0 24 24" preserveAspectRatio="" fill="none" stroke="currentColor" stroke-linecap="round" stroke-linejoin="round" overflow="visible"><path d="M12 22C17.5228 22 22 17.5228 22 12C22 6.47714 17.5228 2 12 2C6.47715 2 2 6.47714 2 12C2 17.5228 6.47715 22 12 22Z"></path><path d="M14 17H12.6667C12.4309 17 12.2048 16.8946 12.0381 16.7071C11.8715 16.5196 11.7778 16.2652 11.7778 16V10.5C11.7778 10.3674 11.7309 10.2402 11.6476 10.1465C11.5643 10.0527 11.4512 10 11.3333 10H10"></path><path d="M11.7415 7C11.6034 7 11.4915 6.88807 11.4915 6.75C11.4915 6.61193 11.6034 6.5 11.7415 6.5"></path><path d="M11.7415 7C11.8795 7 11.9915 6.88807 11.9915 6.75C11.9915 6.61193 11.8795 6.5 11.7415 6.5"></path></svg></button></div></div></div></div><div class="AvailabilitySection-module_section--IibdL AvailabilitySection-module_sectionRound--7ZN6d"><div class="AvailabilitySection-module_record--sV0gc"><div class="AvailabilitySection-module_icon--FClji AvailabilitySection-module_iconHigh--A0P1q"><svg class="ui-icon AvailabilitySection-module_iconCheck--68pbU" stroke-width="1.2" width=" 24" height="24" viewBox="0 0 24 24" preserveAspectRatio="" fill="none" stroke="currentColor" stroke-linecap="round" stroke-linejoin="round" overflow="visible"><path d="M12.6667 4.30981L5.97106 13.6431L3.33337 11.0055"></path></svg></div><div class="AvailabilitySection-module_text--zxru7 AvailabilitySection-module_textSmall--n1xcJ">Dostępny tylko online</div></div></div></section></div></div></div></div></div><section class="hidden flex:md place-self-end mb-1 mr-3 g-3 SwiperNavigation-module_navigation--vkoIZ  g-3"><button class="SwiperNavigation-module_button--GUJNY Button-module_button--6GOIQ Button-module_large--xQ8J+ Button-module_icon--MEzGO Button-module_secondary--KXMX3 swiper-button-disabled" id="prev_0bc6d0eb-98b7-40a5-8d07-331e8069128c" aria-label="Poprzedni slajd" disabled=""><svg class="ui-icon " stroke-width="1.2" width=" 24" height="24" viewBox="0 0 24 24" preserveAspectRatio="" fill="none" stroke="currentColor" stroke-linecap="round" stroke-linejoin="round" overflow="visible"><path d="M4 12H20M4 12C4 11.8968 4.02268 11.7941 4.06652 11.7C4.11037 11.606 4.17438 11.5221 4.25431 11.4538L13 4M4 12C4 12.1032 4.02268 12.2045 4.06652 12.2985C4.11037 12.3925 4.17438 12.4765 4.25431 12.5447L13 20"></path></svg></button><button class="SwiperNavigation-module_button--GUJNY Button-module_button--6GOIQ Button-module_large--xQ8J+ Button-module_icon--MEzGO Button-module_secondary--KXMX3" id="next_0bc6d0eb-98b7-40a5-8d07-331e8069128c" aria-label="Następny slajd"><svg class="ui-icon " stroke-width="1.2" width=" 24" height="24" viewBox="0 0 24 24" preserveAspectRatio="" fill="none" stroke="currentColor" stroke-linecap="round" stroke-linejoin="round" overflow="visible"><path d="M20 12L4 12M20 12C20 12.1032 19.9773 12.2059 19.9335 12.3C19.8896 12.394 19.8256 12.4779 19.7457 12.5462L11 20M20 12C20 11.8968 19.9773 11.7955 19.9335 11.7015C19.8896 11.6075 19.8256 11.5235 19.7457 11.4553L11 4"></path></svg></button></section></div></div></div></section></section>

Sekcja 7 (Analogicznie do sekcji 2):
<section class="layout-2024 py-3 py-6:lg overflow-hidden HvisStyles-module_containerHvisMode--hRo5h"><section class="Container-module_container--NRjJ9"><section class="flex items-baseline content-between pb-1 pb-3:lg"><div><a href="https://www.rossmann.pl/produkty?Statuses=haveMore"><h2 class="SectionTitle-module_title--Y6ljG strong py-1 m-0">Masz ochotę na więcej?</h2>Większa pojemność, wygodna aplikacja czy gratis – co wybierasz?</a></div><a class="nowrap Button-module_button--6GOIQ px-0" href="https://www.rossmann.pl/produkty?Statuses=haveMore">Kupuję! <svg class="ui-icon " stroke-width="1.2" width=" 24" height="24" viewBox="0 0 24 24" preserveAspectRatio="" fill="none" stroke="currentColor" stroke-linecap="round" stroke-linejoin="round" overflow="visible"><path d="M9 18L14.9208 12.1951C14.9457 12.1707 14.9657 12.1406 14.9793 12.107C14.9929 12.0733 15 12.0369 15 12C15 11.9631 14.9929 11.9267 14.9793 11.893C14.9657 11.8594 14.9457 11.8293 14.9208 11.8049L9 6"></path></svg></a></section><div class="flex flex-column"><div class="swiper swiper-initialized swiper-horizontal pl-3 pr-4 pr-3:md mx-n3"><div class="swiper-wrapper" style="transform: translate3d(0px, 0px, 0px);"><div class="swiper-slide swiper-slide-active ProductSlider-module_slide--q59i6 mb-4" style="margin-right: 16px;"><div class="ProductTile-module_tile--yFwR2 ProductTile-module_small--bAwXa ProductTile-module_round--R0J7y ProductTile-module_bt--7Rs6T ProductTile-module_br--DiNim ProductTile-module_bb--6rqC2 ProductTile-module_bl--VrBPG " data-testid="product-container"><section><div><div class="HeaderSection-module_headerSection--0ATl3"><div class="HeaderSection-module_badgesSection--2J8Ry"><span class="styles-module_badge--ptqlS styles-module_haveMore--O2qzU "><span>MAM WIĘCEJ</span></span></div><button aria-label="Dodaj do ulubionych" data-testid="product-add-to-favorites-button" class="HeaderSection-module_favoritesBtn--AtrEF snrs-add-to-fav" data-sku="2104579"><svg class="icon HeaderSection-module_icon--izXrZ " width="22" height="20" viewBox="0 0 22 20" fill="none" xmlns="http://www.w3.org/2000/svg"><path d="M11.0002 19L2.47741 9.85496C1.72993 9.09105 1.23535 8.09895 1.06538 7.02248C0.89541 5.94601 1.05887 4.84111 1.53207 3.86794C1.89665 3.13055 2.42251 2.4928 3.0672 2.00617C3.7119 1.51954 4.45737 1.19766 5.24344 1.06652C6.02951 0.935373 6.83416 0.998637 7.59245 1.2512C8.35073 1.50376 9.04141 1.93855 9.60872 2.52047L11.0002 3.84257L12.3917 2.52047C12.9591 1.93874 13.6498 1.50411 14.408 1.25166C15.1663 0.999207 15.9708 0.935998 16.7569 1.06713C17.5429 1.19827 18.2883 1.52007 18.933 2.00658C19.5777 2.4931 20.1036 3.13069 20.4683 3.86794C20.9412 4.84117 21.1046 5.94601 20.9346 7.02241C20.7646 8.09882 20.2702 9.0909 19.523 9.85496L11.0002 19Z" stroke="currentColor" stroke-width="1.5" stroke-linecap="round" stroke-linejoin="round"></path></svg></button></div></div><div class="ProductTile-module_imageSection--4dy3j"><div class="ImageSection-module_imageSection--JW6B4 ImageSection-module_imageSectionSmall--wtsuO  "><a href="/Produkt/Podpaski/Bella-Perfecta-Ultra-Night-podpaski-higieniczne-na-noc-20-szt,2104579,13150"><img loading="lazy" src="https://pro-fra-s3-productsassets.rossmann.pl/product_7_small/2104579_338_190_1747751063.webp" alt="BELLA Perfecta Ultra  Night,podpaski higieniczne, na noc,,kompozycja-2" data-testid="product-image"></a><div class="ImageSection-module_cmpInfoWrapper---gDf+"></div></div></div><div><a href="/Produkt/Podpaski/Bella-Perfecta-Ultra-Night-podpaski-higieniczne-na-noc-20-szt,2104579,13150"><div title="BELLA Perfecta Ultra  Night" class="DescriptionSection-module_brand--+Edq7 DescriptionSection-module_brandSmall--J0DP7" data-testid="product-brand"><strong class="DescriptionSection-module_strongSmall--8u2H2">BELLA Perfecta Ultra  Night</strong></div><div title="podpaski higieniczne, na noc," class="DescriptionSection-module_caption--t+QTb DescriptionSection-module_captionSmall--ClR1Q" data-testid="product-caption">podpaski higieniczne, na noc,</div><div class="DescriptionSection-module_unitSmall--AyjB0" data-testid="product-unit">20 szt.</div></a></div></section><div class="ProductTile-module_priceBox--SIN7O"><section class="w-100 flex flex-column justify-content-between"><div><div class="PriceSection-module_priceSection--eIBii"><div class="PriceSection-module_priceContainer--SxUEN"><div class="PriceSection-module_priceBox--X1xEI" data-testid="product-current-price-wrapper"><span class="PriceSection-module_price--I18Do PriceSection-module_priceSmall--UhUP0 " data-testid="product-price"><span>6</span><span>,99 zł</span></span></div><span class="PriceSection-module_pricePerUnitSmall--GF40k" data-testid="product-price-per-unit">1 szt. = 0,35 zł</span></div><div><button aria-label="Dodaj do koszyka" data-testid="product-add-to-basket-button" class="PriceSection-module_cartBtn--LT628 snrs-add-to-cart" data-sku="2104579" data-name="Perfecta Ultra  Night" data-regular-price="6.99" data-unit-price="1 szt. = 0,35 zł" data-link="/Produkt/Podpaski/Bella-Perfecta-Ultra-Night-podpaski-higieniczne-na-noc-20-szt,2104579,13150" data-img-link="https://pro-fra-s3-productsassets.rossmann.pl/product_7_medium/2104579_360_350_1747751067.webp" data-labels="[&quot;MAM WIĘCEJ&quot;]" data-brand="BELLA" data-caption="podpaski higieniczne, na noc," data-unit="20 szt."><svg class="ui-icon " stroke-width="1.8" width="16" height="16" viewBox="0 0 24 24" preserveAspectRatio="" fill="none" stroke="currentColor" stroke-linecap="round" stroke-linejoin="round" overflow="visible"><path d="M3.5 9.47656L6.5 3.47656"></path><path d="M20.5 9.47656L17.5 3.47656"></path><path d="M21.5 12.4766H2.5L4.2 20.9836C4.30662 21.4208 4.56062 21.808 4.91924 22.0799C5.27786 22.3518 5.7192 22.4919 6.169 22.4766H17.831C18.2808 22.4919 18.7221 22.3518 19.0808 22.0799C19.4394 21.808 19.6934 21.4208 19.8 20.9836L21.5 12.4766Z"></path><path d="M21.5 9.47656H2.5C1.94772 9.47656 1.5 9.92428 1.5 10.4766V11.4766C1.5 12.0288 1.94772 12.4766 2.5 12.4766H21.5C22.0523 12.4766 22.5 12.0288 22.5 11.4766V10.4766C22.5 9.92428 22.0523 9.47656 21.5 9.47656Z"></path><path d="M12 15.4766V18.9766"></path><path d="M16.5 15.4766L16 18.9766"></path><path d="M7.5 15.4766L8 18.9766"></path></svg></button></div></div></div><div class="AvailabilitySection-module_section--IibdL AvailabilitySection-module_sectionRound--7ZN6d"><div class="AvailabilitySection-module_record--sV0gc"><div class="AvailabilitySection-module_icon--FClji AvailabilitySection-module_iconHigh--A0P1q"><svg class="ui-icon AvailabilitySection-module_iconCheck--68pbU" stroke-width="1.2" width=" 24" height="24" viewBox="0 0 24 24" preserveAspectRatio="" fill="none" stroke="currentColor" stroke-linecap="round" stroke-linejoin="round" overflow="visible"><path d="M12.6667 4.30981L5.97106 13.6431L3.33337 11.0055"></path></svg></div><div class="AvailabilitySection-module_text--zxru7 AvailabilitySection-module_textSmall--n1xcJ">Dostępny online</div></div><div class="AvailabilitySection-module_record--sV0gc"><div class="AvailabilitySection-module_icon--FClji AvailabilitySection-module_iconMedium--KUbf2"><svg class="ui-icon AvailabilitySection-module_iconExclamation--udHHV" stroke-width="1.2" width=" 24" height="24" viewBox="0 0 24 24" preserveAspectRatio="" fill="none" stroke="currentColor" stroke-linecap="round" stroke-linejoin="round" overflow="visible"><path d="M12 13V7" stroke="none"></path><path d="M11.9912 16.005C11.9585 16.0055 11.9262 16.0126 11.8963 16.0257C11.8664 16.0389 11.8394 16.0579 11.8169 16.0817C11.7945 16.1055 11.777 16.1335 11.7655 16.1641C11.7541 16.1947 11.7489 16.2273 11.7502 16.26C11.7525 16.3256 11.7802 16.3878 11.8273 16.4335C11.8745 16.4792 11.9375 16.5048 12.0032 16.505C12.0359 16.5044 12.0681 16.4972 12.0979 16.484C12.1278 16.4708 12.1547 16.4518 12.1772 16.428C12.1996 16.4043 12.2171 16.3763 12.2286 16.3458C12.2401 16.3152 12.2454 16.2826 12.2442 16.25C12.2422 16.1858 12.2159 16.1248 12.1706 16.0793C12.1253 16.0338 12.0644 16.0073 12.0002 16.005H11.9952" stroke="none"></path></svg></div><button class="AvailabilitySection-module_text--zxru7 AvailabilitySection-module_shopText--7jdjN AvailabilitySection-module_textSmall--n1xcJ">Sprawdź dostępność w drogerii</button></div></div></section></div></div></div><div class="swiper-slide swiper-slide-next ProductSlider-module_slide--q59i6 mb-4" style="margin-right: 16px;"><div class="ProductTile-module_tile--yFwR2 ProductTile-module_small--bAwXa ProductTile-module_round--R0J7y ProductTile-module_bt--7Rs6T ProductTile-module_br--DiNim ProductTile-module_bb--6rqC2 ProductTile-module_bl--VrBPG " data-testid="product-container"><section><div><div class="HeaderSection-module_headerSection--0ATl3"><div class="HeaderSection-module_badgesSection--2J8Ry"><span class="styles-module_badge--ptqlS styles-module_haveMore--O2qzU "><span>MAM WIĘCEJ</span></span></div><button aria-label="Dodaj do ulubionych" data-testid="product-add-to-favorites-button" class="HeaderSection-module_favoritesBtn--AtrEF snrs-add-to-fav" data-sku="2102844"><svg class="icon HeaderSection-module_icon--izXrZ " width="22" height="20" viewBox="0 0 22 20" fill="none" xmlns="http://www.w3.org/2000/svg"><path d="M11.0002 19L2.47741 9.85496C1.72993 9.09105 1.23535 8.09895 1.06538 7.02248C0.89541 5.94601 1.05887 4.84111 1.53207 3.86794C1.89665 3.13055 2.42251 2.4928 3.0672 2.00617C3.7119 1.51954 4.45737 1.19766 5.24344 1.06652C6.02951 0.935373 6.83416 0.998637 7.59245 1.2512C8.35073 1.50376 9.04141 1.93855 9.60872 2.52047L11.0002 3.84257L12.3917 2.52047C12.9591 1.93874 13.6498 1.50411 14.408 1.25166C15.1663 0.999207 15.9708 0.935998 16.7569 1.06713C17.5429 1.19827 18.2883 1.52007 18.933 2.00658C19.5777 2.4931 20.1036 3.13069 20.4683 3.86794C20.9412 4.84117 21.1046 5.94601 20.9346 7.02241C20.7646 8.09882 20.2702 9.0909 19.523 9.85496L11.0002 19Z" stroke="currentColor" stroke-width="1.5" stroke-linecap="round" stroke-linejoin="round"></path></svg></button></div></div><div class="ProductTile-module_imageSection--4dy3j"><div class="ImageSection-module_imageSection--JW6B4 ImageSection-module_imageSectionSmall--wtsuO  "><a href="/Produkt/Serum-boostery-i-esencje/Bielenda-Skin-Clinic-Professional-serum-do-twarzy-nawilzajaco-kojace-z-kwasem-hialuronowym-na-dzi,2102844,13051"><img loading="lazy" src="https://pro-fra-s3-productsassets.rossmann.pl/product_7_small/2102844_338_190_1746787980.webp" alt="BIELENDA Skin Clinic Professional ,serum do twarzy, nawilżająco-kojące, z kwasem hialuronowym, na dzień i na noc,kompozycja-2" data-testid="product-image"></a><div class="ImageSection-module_cmpInfoWrapper---gDf+"></div></div></div><div><a href="/Produkt/Serum-boostery-i-esencje/Bielenda-Skin-Clinic-Professional-serum-do-twarzy-nawilzajaco-kojace-z-kwasem-hialuronowym-na-dzi,2102844,13051"><div title="BIELENDA Skin Clinic Professional " class="DescriptionSection-module_brand--+Edq7 DescriptionSection-module_brandSmall--J0DP7" data-testid="product-brand"><strong class="DescriptionSection-module_strongSmall--8u2H2">BIELENDA Skin Clinic Professional </strong></div><div title="serum do twarzy, nawilżająco-kojące, z kwasem hialuronowym, na dzień i na noc" class="DescriptionSection-module_caption--t+QTb DescriptionSection-module_captionSmall--ClR1Q" data-testid="product-caption">serum do twarzy, nawilżająco-kojące, z kwasem hialuronowym, na dzień i na noc</div><div class="DescriptionSection-module_unitSmall--AyjB0" data-testid="product-unit">45 ml</div></a></div></section><div class="ProductTile-module_priceBox--SIN7O"><section class="w-100 flex flex-column justify-content-between"><div><div class="PriceSection-module_priceSection--eIBii"><div class="PriceSection-module_priceContainer--SxUEN"><div class="PriceSection-module_priceBox--X1xEI" data-testid="product-current-price-wrapper"><span class="PriceSection-module_price--I18Do PriceSection-module_priceSmall--UhUP0 " data-testid="product-price"><span>31</span><span>,99 zł</span></span></div><span class="PriceSection-module_pricePerUnitSmall--GF40k" data-testid="product-price-per-unit">100 ml = 71,09 zł</span></div><div><button aria-label="Dodaj do koszyka" data-testid="product-add-to-basket-button" class="PriceSection-module_cartBtn--LT628 snrs-add-to-cart" data-sku="2102844" data-name="Skin Clinic Professional " data-regular-price="31.99" data-unit-price="100 ml = 71,09 zł" data-link="/Produkt/Serum-boostery-i-esencje/Bielenda-Skin-Clinic-Professional-serum-do-twarzy-nawilzajaco-kojace-z-kwasem-hialuronowym-na-dzi,2102844,13051" data-img-link="https://pro-fra-s3-productsassets.rossmann.pl/product_7_medium/2102844_360_350_1746787983.webp" data-labels="[&quot;MAM WIĘCEJ&quot;]" data-brand="BIELENDA" data-caption="serum do twarzy, nawilżająco-kojące, z kwasem hialuronowym, na dzień i na noc" data-unit="45 ml"><svg class="ui-icon " stroke-width="1.8" width="16" height="16" viewBox="0 0 24 24" preserveAspectRatio="" fill="none" stroke="currentColor" stroke-linecap="round" stroke-linejoin="round" overflow="visible"><path d="M3.5 9.47656L6.5 3.47656"></path><path d="M20.5 9.47656L17.5 3.47656"></path><path d="M21.5 12.4766H2.5L4.2 20.9836C4.30662 21.4208 4.56062 21.808 4.91924 22.0799C5.27786 22.3518 5.7192 22.4919 6.169 22.4766H17.831C18.2808 22.4919 18.7221 22.3518 19.0808 22.0799C19.4394 21.808 19.6934 21.4208 19.8 20.9836L21.5 12.4766Z"></path><path d="M21.5 9.47656H2.5C1.94772 9.47656 1.5 9.92428 1.5 10.4766V11.4766C1.5 12.0288 1.94772 12.4766 2.5 12.4766H21.5C22.0523 12.4766 22.5 12.0288 22.5 11.4766V10.4766C22.5 9.92428 22.0523 9.47656 21.5 9.47656Z"></path><path d="M12 15.4766V18.9766"></path><path d="M16.5 15.4766L16 18.9766"></path><path d="M7.5 15.4766L8 18.9766"></path></svg></button></div></div></div><div class="AvailabilitySection-module_section--IibdL AvailabilitySection-module_sectionRound--7ZN6d"><div class="AvailabilitySection-module_record--sV0gc"><div class="AvailabilitySection-module_icon--FClji AvailabilitySection-module_iconHigh--A0P1q"><svg class="ui-icon AvailabilitySection-module_iconCheck--68pbU" stroke-width="1.2" width=" 24" height="24" viewBox="0 0 24 24" preserveAspectRatio="" fill="none" stroke="currentColor" stroke-linecap="round" stroke-linejoin="round" overflow="visible"><path d="M12.6667 4.30981L5.97106 13.6431L3.33337 11.0055"></path></svg></div><div class="AvailabilitySection-module_text--zxru7 AvailabilitySection-module_textSmall--n1xcJ">Dostępny online</div></div><div class="AvailabilitySection-module_record--sV0gc"><div class="AvailabilitySection-module_icon--FClji AvailabilitySection-module_iconMedium--KUbf2"><svg class="ui-icon AvailabilitySection-module_iconExclamation--udHHV" stroke-width="1.2" width=" 24" height="24" viewBox="0 0 24 24" preserveAspectRatio="" fill="none" stroke="currentColor" stroke-linecap="round" stroke-linejoin="round" overflow="visible"><path d="M12 13V7" stroke="none"></path><path d="M11.9912 16.005C11.9585 16.0055 11.9262 16.0126 11.8963 16.0257C11.8664 16.0389 11.8394 16.0579 11.8169 16.0817C11.7945 16.1055 11.777 16.1335 11.7655 16.1641C11.7541 16.1947 11.7489 16.2273 11.7502 16.26C11.7525 16.3256 11.7802 16.3878 11.8273 16.4335C11.8745 16.4792 11.9375 16.5048 12.0032 16.505C12.0359 16.5044 12.0681 16.4972 12.0979 16.484C12.1278 16.4708 12.1547 16.4518 12.1772 16.428C12.1996 16.4043 12.2171 16.3763 12.2286 16.3458C12.2401 16.3152 12.2454 16.2826 12.2442 16.25C12.2422 16.1858 12.2159 16.1248 12.1706 16.0793C12.1253 16.0338 12.0644 16.0073 12.0002 16.005H11.9952" stroke="none"></path></svg></div><button class="AvailabilitySection-module_text--zxru7 AvailabilitySection-module_shopText--7jdjN AvailabilitySection-module_textSmall--n1xcJ">Sprawdź dostępność w drogerii</button></div></div></section></div></div></div><div class="swiper-slide ProductSlider-module_slide--q59i6 mb-4" style="margin-right: 16px;"><div class="ProductTile-module_tile--yFwR2 ProductTile-module_small--bAwXa ProductTile-module_round--R0J7y ProductTile-module_bt--7Rs6T ProductTile-module_br--DiNim ProductTile-module_bb--6rqC2 ProductTile-module_bl--VrBPG " data-testid="product-container"><section><div><div class="HeaderSection-module_headerSection--0ATl3"><div class="HeaderSection-module_badgesSection--2J8Ry"><span class="styles-module_badge--ptqlS styles-module_haveMore--O2qzU "><span>MAM WIĘCEJ</span></span></div><button aria-label="Dodaj do ulubionych" data-testid="product-add-to-favorites-button" class="HeaderSection-module_favoritesBtn--AtrEF snrs-add-to-fav" data-sku="2102846"><svg class="icon HeaderSection-module_icon--izXrZ " width="22" height="20" viewBox="0 0 22 20" fill="none" xmlns="http://www.w3.org/2000/svg"><path d="M11.0002 19L2.47741 9.85496C1.72993 9.09105 1.23535 8.09895 1.06538 7.02248C0.89541 5.94601 1.05887 4.84111 1.53207 3.86794C1.89665 3.13055 2.42251 2.4928 3.0672 2.00617C3.7119 1.51954 4.45737 1.19766 5.24344 1.06652C6.02951 0.935373 6.83416 0.998637 7.59245 1.2512C8.35073 1.50376 9.04141 1.93855 9.60872 2.52047L11.0002 3.84257L12.3917 2.52047C12.9591 1.93874 13.6498 1.50411 14.408 1.25166C15.1663 0.999207 15.9708 0.935998 16.7569 1.06713C17.5429 1.19827 18.2883 1.52007 18.933 2.00658C19.5777 2.4931 20.1036 3.13069 20.4683 3.86794C20.9412 4.84117 21.1046 5.94601 20.9346 7.02241C20.7646 8.09882 20.2702 9.0909 19.523 9.85496L11.0002 19Z" stroke="currentColor" stroke-width="1.5" stroke-linecap="round" stroke-linejoin="round"></path></svg></button></div></div><div class="ProductTile-module_imageSection--4dy3j"><div class="ImageSection-module_imageSection--JW6B4 ImageSection-module_imageSectionSmall--wtsuO  "><a href="/Produkt/Serum-boostery-i-esencje/Bielenda-Skin-Clinic-Professional-serum-do-twarzy-odbudowujaco-odzywcze-z-ceramidami-na-dzien-i-n,2102846,13051"><img loading="lazy" src="https://pro-fra-s3-productsassets.rossmann.pl/product_7_small/2102846_338_190_1746787797.webp" alt="BIELENDA Skin Clinic Professional ,serum do twarzy, odbudowująco-odżywcze, z ceramidami, na dzień i na noc,kompozycja-2" data-testid="product-image"></a><div class="ImageSection-module_cmpInfoWrapper---gDf+"></div></div></div><div><a href="/Produkt/Serum-boostery-i-esencje/Bielenda-Skin-Clinic-Professional-serum-do-twarzy-odbudowujaco-odzywcze-z-ceramidami-na-dzien-i-n,2102846,13051"><div title="BIELENDA Skin Clinic Professional " class="DescriptionSection-module_brand--+Edq7 DescriptionSection-module_brandSmall--J0DP7" data-testid="product-brand"><strong class="DescriptionSection-module_strongSmall--8u2H2">BIELENDA Skin Clinic Professional </strong></div><div title="serum do twarzy, odbudowująco-odżywcze, z ceramidami, na dzień i na noc" class="DescriptionSection-module_caption--t+QTb DescriptionSection-module_captionSmall--ClR1Q" data-testid="product-caption">serum do twarzy, odbudowująco-odżywcze, z ceramidami, na dzień i na noc</div><div class="DescriptionSection-module_unitSmall--AyjB0" data-testid="product-unit">45 ml</div></a></div></section><div class="ProductTile-module_priceBox--SIN7O"><section class="w-100 flex flex-column justify-content-between"><div><div class="PriceSection-module_priceSection--eIBii"><div class="PriceSection-module_priceContainer--SxUEN"><div class="PriceSection-module_priceBox--X1xEI" data-testid="product-current-price-wrapper"><span class="PriceSection-module_price--I18Do PriceSection-module_priceSmall--UhUP0 " data-testid="product-price"><span>34</span><span>,99 zł</span></span></div><span class="PriceSection-module_pricePerUnitSmall--GF40k" data-testid="product-price-per-unit">100 ml = 77,76 zł</span></div><div><button aria-label="Dodaj do koszyka" data-testid="product-add-to-basket-button" class="PriceSection-module_cartBtn--LT628 snrs-add-to-cart" data-sku="2102846" data-name="Skin Clinic Professional " data-regular-price="34.99" data-unit-price="100 ml = 77,76 zł" data-link="/Produkt/Serum-boostery-i-esencje/Bielenda-Skin-Clinic-Professional-serum-do-twarzy-odbudowujaco-odzywcze-z-ceramidami-na-dzien-i-n,2102846,13051" data-img-link="https://pro-fra-s3-productsassets.rossmann.pl/product_7_medium/2102846_360_350_1746787803.webp" data-labels="[&quot;MAM WIĘCEJ&quot;]" data-brand="BIELENDA" data-caption="serum do twarzy, odbudowująco-odżywcze, z ceramidami, na dzień i na noc" data-unit="45 ml"><svg class="ui-icon " stroke-width="1.8" width="16" height="16" viewBox="0 0 24 24" preserveAspectRatio="" fill="none" stroke="currentColor" stroke-linecap="round" stroke-linejoin="round" overflow="visible"><path d="M3.5 9.47656L6.5 3.47656"></path><path d="M20.5 9.47656L17.5 3.47656"></path><path d="M21.5 12.4766H2.5L4.2 20.9836C4.30662 21.4208 4.56062 21.808 4.91924 22.0799C5.27786 22.3518 5.7192 22.4919 6.169 22.4766H17.831C18.2808 22.4919 18.7221 22.3518 19.0808 22.0799C19.4394 21.808 19.6934 21.4208 19.8 20.9836L21.5 12.4766Z"></path><path d="M21.5 9.47656H2.5C1.94772 9.47656 1.5 9.92428 1.5 10.4766V11.4766C1.5 12.0288 1.94772 12.4766 2.5 12.4766H21.5C22.0523 12.4766 22.5 12.0288 22.5 11.4766V10.4766C22.5 9.92428 22.0523 9.47656 21.5 9.47656Z"></path><path d="M12 15.4766V18.9766"></path><path d="M16.5 15.4766L16 18.9766"></path><path d="M7.5 15.4766L8 18.9766"></path></svg></button></div></div></div><div class="AvailabilitySection-module_section--IibdL AvailabilitySection-module_sectionRound--7ZN6d"><div class="AvailabilitySection-module_record--sV0gc"><div class="AvailabilitySection-module_icon--FClji AvailabilitySection-module_iconHigh--A0P1q"><svg class="ui-icon AvailabilitySection-module_iconCheck--68pbU" stroke-width="1.2" width=" 24" height="24" viewBox="0 0 24 24" preserveAspectRatio="" fill="none" stroke="currentColor" stroke-linecap="round" stroke-linejoin="round" overflow="visible"><path d="M12.6667 4.30981L5.97106 13.6431L3.33337 11.0055"></path></svg></div><div class="AvailabilitySection-module_text--zxru7 AvailabilitySection-module_textSmall--n1xcJ">Dostępny online</div></div><div class="AvailabilitySection-module_record--sV0gc"><div class="AvailabilitySection-module_icon--FClji AvailabilitySection-module_iconMedium--KUbf2"><svg class="ui-icon AvailabilitySection-module_iconExclamation--udHHV" stroke-width="1.2" width=" 24" height="24" viewBox="0 0 24 24" preserveAspectRatio="" fill="none" stroke="currentColor" stroke-linecap="round" stroke-linejoin="round" overflow="visible"><path d="M12 13V7" stroke="none"></path><path d="M11.9912 16.005C11.9585 16.0055 11.9262 16.0126 11.8963 16.0257C11.8664 16.0389 11.8394 16.0579 11.8169 16.0817C11.7945 16.1055 11.777 16.1335 11.7655 16.1641C11.7541 16.1947 11.7489 16.2273 11.7502 16.26C11.7525 16.3256 11.7802 16.3878 11.8273 16.4335C11.8745 16.4792 11.9375 16.5048 12.0032 16.505C12.0359 16.5044 12.0681 16.4972 12.0979 16.484C12.1278 16.4708 12.1547 16.4518 12.1772 16.428C12.1996 16.4043 12.2171 16.3763 12.2286 16.3458C12.2401 16.3152 12.2454 16.2826 12.2442 16.25C12.2422 16.1858 12.2159 16.1248 12.1706 16.0793C12.1253 16.0338 12.0644 16.0073 12.0002 16.005H11.9952" stroke="none"></path></svg></div><button class="AvailabilitySection-module_text--zxru7 AvailabilitySection-module_shopText--7jdjN AvailabilitySection-module_textSmall--n1xcJ">Sprawdź dostępność w drogerii</button></div></div></section></div></div></div><div class="swiper-slide ProductSlider-module_slide--q59i6 mb-4" style="margin-right: 16px;"><div class="ProductTile-module_tile--yFwR2 ProductTile-module_small--bAwXa ProductTile-module_round--R0J7y ProductTile-module_bt--7Rs6T ProductTile-module_br--DiNim ProductTile-module_bb--6rqC2 ProductTile-module_bl--VrBPG " data-testid="product-container"><section><div><div class="HeaderSection-module_headerSection--0ATl3"><div class="HeaderSection-module_badgesSection--2J8Ry"><span class="styles-module_badge--ptqlS styles-module_haveMore--O2qzU "><span>MAM WIĘCEJ</span></span></div><button aria-label="Dodaj do ulubionych" data-testid="product-add-to-favorites-button" class="HeaderSection-module_favoritesBtn--AtrEF snrs-add-to-fav" data-sku="2098291"><svg class="icon HeaderSection-module_icon--izXrZ " width="22" height="20" viewBox="0 0 22 20" fill="none" xmlns="http://www.w3.org/2000/svg"><path d="M11.0002 19L2.47741 9.85496C1.72993 9.09105 1.23535 8.09895 1.06538 7.02248C0.89541 5.94601 1.05887 4.84111 1.53207 3.86794C1.89665 3.13055 2.42251 2.4928 3.0672 2.00617C3.7119 1.51954 4.45737 1.19766 5.24344 1.06652C6.02951 0.935373 6.83416 0.998637 7.59245 1.2512C8.35073 1.50376 9.04141 1.93855 9.60872 2.52047L11.0002 3.84257L12.3917 2.52047C12.9591 1.93874 13.6498 1.50411 14.408 1.25166C15.1663 0.999207 15.9708 0.935998 16.7569 1.06713C17.5429 1.19827 18.2883 1.52007 18.933 2.00658C19.5777 2.4931 20.1036 3.13069 20.4683 3.86794C20.9412 4.84117 21.1046 5.94601 20.9346 7.02241C20.7646 8.09882 20.2702 9.0909 19.523 9.85496L11.0002 19Z" stroke="currentColor" stroke-width="1.5" stroke-linecap="round" stroke-linejoin="round"></path></svg></button></div></div><div class="ProductTile-module_imageSection--4dy3j"><div class="ImageSection-module_imageSection--JW6B4 ImageSection-module_imageSectionSmall--wtsuO  "><a href="/Produkt/Odzywki-do-paznokci/Regenerum-serum-do-paznokci-utwardzajace-regeneracyjne-10-ml,2098291,13038"><img loading="lazy" src="https://pro-fra-s3-productsassets.rossmann.pl/product_7_small/2098291_338_190_1746788392.webp" alt="REGENERUM ,serum do paznokci, utwardzające, regeneracyjne,kompozycja-2" data-testid="product-image"></a><div class="ImageSection-module_cmpInfoWrapper---gDf+"></div></div></div><div><a href="/Produkt/Odzywki-do-paznokci/Regenerum-serum-do-paznokci-utwardzajace-regeneracyjne-10-ml,2098291,13038"><div title="REGENERUM " class="DescriptionSection-module_brand--+Edq7 DescriptionSection-module_brandSmall--J0DP7" data-testid="product-brand"><strong class="DescriptionSection-module_strongSmall--8u2H2">REGENERUM </strong></div><div title="serum do paznokci, utwardzające, regeneracyjne" class="DescriptionSection-module_caption--t+QTb DescriptionSection-module_captionSmall--ClR1Q" data-testid="product-caption">serum do paznokci, utwardzające, regeneracyjne</div><div class="DescriptionSection-module_unitSmall--AyjB0" data-testid="product-unit">10 ml</div></a></div></section><div class="ProductTile-module_priceBox--SIN7O"><section class="w-100 flex flex-column justify-content-between"><div><div class="PriceSection-module_priceSection--eIBii"><div class="PriceSection-module_priceContainer--SxUEN"><div class="PriceSection-module_priceBox--X1xEI" data-testid="product-current-price-wrapper"><span class="PriceSection-module_price--I18Do PriceSection-module_priceSmall--UhUP0 " data-testid="product-price"><span>24</span><span>,99 zł</span></span></div><span class="PriceSection-module_pricePerUnitSmall--GF40k" data-testid="product-price-per-unit">100 ml = 249,90 zł</span></div><div><button aria-label="Dodaj do koszyka" data-testid="product-add-to-basket-button" class="PriceSection-module_cartBtn--LT628 snrs-add-to-cart" data-sku="2098291" data-name="" data-regular-price="24.99" data-unit-price="100 ml = 249,90 zł" data-link="/Produkt/Odzywki-do-paznokci/Regenerum-serum-do-paznokci-utwardzajace-regeneracyjne-10-ml,2098291,13038" data-img-link="https://pro-fra-s3-productsassets.rossmann.pl/product_7_medium/2098291_360_350_1746788396.webp" data-labels="[&quot;MAM WIĘCEJ&quot;]" data-brand="REGENERUM" data-caption="serum do paznokci, utwardzające, regeneracyjne" data-unit="10 ml"><svg class="ui-icon " stroke-width="1.8" width="16" height="16" viewBox="0 0 24 24" preserveAspectRatio="" fill="none" stroke="currentColor" stroke-linecap="round" stroke-linejoin="round" overflow="visible"><path d="M3.5 9.47656L6.5 3.47656"></path><path d="M20.5 9.47656L17.5 3.47656"></path><path d="M21.5 12.4766H2.5L4.2 20.9836C4.30662 21.4208 4.56062 21.808 4.91924 22.0799C5.27786 22.3518 5.7192 22.4919 6.169 22.4766H17.831C18.2808 22.4919 18.7221 22.3518 19.0808 22.0799C19.4394 21.808 19.6934 21.4208 19.8 20.9836L21.5 12.4766Z"></path><path d="M21.5 9.47656H2.5C1.94772 9.47656 1.5 9.92428 1.5 10.4766V11.4766C1.5 12.0288 1.94772 12.4766 2.5 12.4766H21.5C22.0523 12.4766 22.5 12.0288 22.5 11.4766V10.4766C22.5 9.92428 22.0523 9.47656 21.5 9.47656Z"></path><path d="M12 15.4766V18.9766"></path><path d="M16.5 15.4766L16 18.9766"></path><path d="M7.5 15.4766L8 18.9766"></path></svg></button></div></div></div><div class="AvailabilitySection-module_section--IibdL AvailabilitySection-module_sectionRound--7ZN6d"><div class="AvailabilitySection-module_record--sV0gc"><div class="AvailabilitySection-module_icon--FClji AvailabilitySection-module_iconHigh--A0P1q"><svg class="ui-icon AvailabilitySection-module_iconCheck--68pbU" stroke-width="1.2" width=" 24" height="24" viewBox="0 0 24 24" preserveAspectRatio="" fill="none" stroke="currentColor" stroke-linecap="round" stroke-linejoin="round" overflow="visible"><path d="M12.6667 4.30981L5.97106 13.6431L3.33337 11.0055"></path></svg></div><div class="AvailabilitySection-module_text--zxru7 AvailabilitySection-module_textSmall--n1xcJ">Dostępny online</div></div><div class="AvailabilitySection-module_record--sV0gc"><div class="AvailabilitySection-module_icon--FClji AvailabilitySection-module_iconMedium--KUbf2"><svg class="ui-icon AvailabilitySection-module_iconExclamation--udHHV" stroke-width="1.2" width=" 24" height="24" viewBox="0 0 24 24" preserveAspectRatio="" fill="none" stroke="currentColor" stroke-linecap="round" stroke-linejoin="round" overflow="visible"><path d="M12 13V7" stroke="none"></path><path d="M11.9912 16.005C11.9585 16.0055 11.9262 16.0126 11.8963 16.0257C11.8664 16.0389 11.8394 16.0579 11.8169 16.0817C11.7945 16.1055 11.777 16.1335 11.7655 16.1641C11.7541 16.1947 11.7489 16.2273 11.7502 16.26C11.7525 16.3256 11.7802 16.3878 11.8273 16.4335C11.8745 16.4792 11.9375 16.5048 12.0032 16.505C12.0359 16.5044 12.0681 16.4972 12.0979 16.484C12.1278 16.4708 12.1547 16.4518 12.1772 16.428C12.1996 16.4043 12.2171 16.3763 12.2286 16.3458C12.2401 16.3152 12.2454 16.2826 12.2442 16.25C12.2422 16.1858 12.2159 16.1248 12.1706 16.0793C12.1253 16.0338 12.0644 16.0073 12.0002 16.005H11.9952" stroke="none"></path></svg></div><button class="AvailabilitySection-module_text--zxru7 AvailabilitySection-module_shopText--7jdjN AvailabilitySection-module_textSmall--n1xcJ">Sprawdź dostępność w drogerii</button></div></div></section></div></div></div><div class="swiper-slide ProductSlider-module_slide--q59i6 mb-4" style="margin-right: 16px;"><div class="ProductTile-module_tile--yFwR2 ProductTile-module_small--bAwXa ProductTile-module_round--R0J7y ProductTile-module_bt--7Rs6T ProductTile-module_br--DiNim ProductTile-module_bb--6rqC2 ProductTile-module_bl--VrBPG " data-testid="product-container"><section><div><div class="HeaderSection-module_headerSection--0ATl3"><div class="HeaderSection-module_badgesSection--2J8Ry"><span class="styles-module_badge--ptqlS styles-module_mega--gSaUd "><span>MEGA!</span></span></div><button aria-label="Dodaj do ulubionych" data-testid="product-add-to-favorites-button" class="HeaderSection-module_favoritesBtn--AtrEF snrs-add-to-fav" data-sku="2103422"><svg class="icon HeaderSection-module_icon--izXrZ " width="22" height="20" viewBox="0 0 22 20" fill="none" xmlns="http://www.w3.org/2000/svg"><path d="M11.0002 19L2.47741 9.85496C1.72993 9.09105 1.23535 8.09895 1.06538 7.02248C0.89541 5.94601 1.05887 4.84111 1.53207 3.86794C1.89665 3.13055 2.42251 2.4928 3.0672 2.00617C3.7119 1.51954 4.45737 1.19766 5.24344 1.06652C6.02951 0.935373 6.83416 0.998637 7.59245 1.2512C8.35073 1.50376 9.04141 1.93855 9.60872 2.52047L11.0002 3.84257L12.3917 2.52047C12.9591 1.93874 13.6498 1.50411 14.408 1.25166C15.1663 0.999207 15.9708 0.935998 16.7569 1.06713C17.5429 1.19827 18.2883 1.52007 18.933 2.00658C19.5777 2.4931 20.1036 3.13069 20.4683 3.86794C20.9412 4.84117 21.1046 5.94601 20.9346 7.02241C20.7646 8.09882 20.2702 9.0909 19.523 9.85496L11.0002 19Z" stroke="currentColor" stroke-width="1.5" stroke-linecap="round" stroke-linejoin="round"></path></svg></button></div></div><div class="ProductTile-module_imageSection--4dy3j"><div class="ImageSection-module_imageSection--JW6B4 ImageSection-module_imageSectionSmall--wtsuO  "><a href="/Produkt/Szampony-w-plynie/Skrzypovita-Pro-szampon-do-wlosow-przeciw-wypadaniu-250-ml,2103422,13177"><img loading="lazy" src="https://pro-fra-s3-productsassets.rossmann.pl/product_7_small/2103422_338_190_1746785980.webp" alt="SKRZYPOVITA Pro ,szampon do włosów, przeciw wypadaniu,kompozycja-2" data-testid="product-image"></a><div class="ImageSection-module_cmpInfoWrapper---gDf+"></div></div></div><div><a href="/Produkt/Szampony-w-plynie/Skrzypovita-Pro-szampon-do-wlosow-przeciw-wypadaniu-250-ml,2103422,13177"><div title="SKRZYPOVITA Pro " class="DescriptionSection-module_brand--+Edq7 DescriptionSection-module_brandSmall--J0DP7" data-testid="product-brand"><strong class="DescriptionSection-module_strongSmall--8u2H2">SKRZYPOVITA Pro </strong></div><div title="szampon do włosów, przeciw wypadaniu" class="DescriptionSection-module_caption--t+QTb DescriptionSection-module_captionSmall--ClR1Q" data-testid="product-caption">szampon do włosów, przeciw wypadaniu</div><div class="DescriptionSection-module_unitSmall--AyjB0" data-testid="product-unit">250 ml</div></a></div></section><div class="ProductTile-module_priceBox--SIN7O"><section class="w-100 flex flex-column justify-content-between"><div><div class="PriceSection-module_priceSection--eIBii"><div class="PriceSection-module_priceContainer--SxUEN"><div class="PriceSection-module_priceBox--X1xEI" data-testid="product-current-price-wrapper"><span class="PriceSection-module_price--I18Do PriceSection-module_priceSmall--UhUP0 PriceSection-module_pricePromotion--4NEgk" data-testid="product-price"><span>16</span><span>,99 zł</span></span></div><span class="PriceSection-module_pricePerUnitSmall--GF40k" data-testid="product-price-per-unit">100 ml = 6,80 zł</span></div><div><button aria-label="Dodaj do koszyka" data-testid="product-add-to-basket-button" class="PriceSection-module_cartBtn--LT628 snrs-add-to-cart" data-sku="2103422" data-name="Pro " data-regular-price="22.99" data-promo-price="16.99" data-omnibus-price="22.99" data-unit-price="100 ml = 6,80 zł" data-link="/Produkt/Szampony-w-plynie/Skrzypovita-Pro-szampon-do-wlosow-przeciw-wypadaniu-250-ml,2103422,13177" data-img-link="https://pro-fra-s3-productsassets.rossmann.pl/product_7_medium/2103422_360_350_1746785982.webp" data-labels="[&quot;MEGA!&quot;]" data-brand="SKRZYPOVITA" data-caption="szampon do włosów, przeciw wypadaniu" data-unit="250 ml"><svg class="ui-icon " stroke-width="1.8" width="16" height="16" viewBox="0 0 24 24" preserveAspectRatio="" fill="none" stroke="currentColor" stroke-linecap="round" stroke-linejoin="round" overflow="visible"><path d="M3.5 9.47656L6.5 3.47656"></path><path d="M20.5 9.47656L17.5 3.47656"></path><path d="M21.5 12.4766H2.5L4.2 20.9836C4.30662 21.4208 4.56062 21.808 4.91924 22.0799C5.27786 22.3518 5.7192 22.4919 6.169 22.4766H17.831C18.2808 22.4919 18.7221 22.3518 19.0808 22.0799C19.4394 21.808 19.6934 21.4208 19.8 20.9836L21.5 12.4766Z"></path><path d="M21.5 9.47656H2.5C1.94772 9.47656 1.5 9.92428 1.5 10.4766V11.4766C1.5 12.0288 1.94772 12.4766 2.5 12.4766H21.5C22.0523 12.4766 22.5 12.0288 22.5 11.4766V10.4766C22.5 9.92428 22.0523 9.47656 21.5 9.47656Z"></path><path d="M12 15.4766V18.9766"></path><path d="M16.5 15.4766L16 18.9766"></path><path d="M7.5 15.4766L8 18.9766"></path></svg></button></div></div><div class="PriceDetailSection-module_section--GiX3L" data-testid="product-omnibus"><div class="tile-product__lowest-price"><div class="LowestPrice-module_text--cofnN LowestPrice-module_textSmall--57oJQ"><span>Najniższa cena: </span><span data-testid="lowest-price-in-30-days" class="LowestPrice-module_price--E4qKq ml-1"><span data-testid="product-price" class="styles-module_strike--3Okb2  styles-module_xxxSmall--DH55z styles-module_price--9IDpJ">22<span class="styles-module_price--9IDpJ">,99</span> <span>zł</span></span></span><button aria-label="Najniższa cena z 30 dni przed obniżką" data-state="closed" class="OmnibusTrigger-module_button--G5UaQ"><svg class="ui-icon " stroke-width="1.2" width="16" height="16" viewBox="0 0 24 24" preserveAspectRatio="" fill="none" stroke="currentColor" stroke-linecap="round" stroke-linejoin="round" overflow="visible"><path d="M12 22C17.5228 22 22 17.5228 22 12C22 6.47714 17.5228 2 12 2C6.47715 2 2 6.47714 2 12C2 17.5228 6.47715 22 12 22Z"></path><path d="M14 17H12.6667C12.4309 17 12.2048 16.8946 12.0381 16.7071C11.8715 16.5196 11.7778 16.2652 11.7778 16V10.5C11.7778 10.3674 11.7309 10.2402 11.6476 10.1465C11.5643 10.0527 11.4512 10 11.3333 10H10"></path><path d="M11.7415 7C11.6034 7 11.4915 6.88807 11.4915 6.75C11.4915 6.61193 11.6034 6.5 11.7415 6.5"></path><path d="M11.7415 7C11.8795 7 11.9915 6.88807 11.9915 6.75C11.9915 6.61193 11.8795 6.5 11.7415 6.5"></path></svg></button></div></div></div></div><div class="AvailabilitySection-module_section--IibdL AvailabilitySection-module_sectionRound--7ZN6d"><div class="AvailabilitySection-module_record--sV0gc"><div class="AvailabilitySection-module_icon--FClji AvailabilitySection-module_iconHigh--A0P1q"><svg class="ui-icon AvailabilitySection-module_iconCheck--68pbU" stroke-width="1.2" width=" 24" height="24" viewBox="0 0 24 24" preserveAspectRatio="" fill="none" stroke="currentColor" stroke-linecap="round" stroke-linejoin="round" overflow="visible"><path d="M12.6667 4.30981L5.97106 13.6431L3.33337 11.0055"></path></svg></div><div class="AvailabilitySection-module_text--zxru7 AvailabilitySection-module_textSmall--n1xcJ">Dostępny online</div></div><div class="AvailabilitySection-module_record--sV0gc"><div class="AvailabilitySection-module_icon--FClji AvailabilitySection-module_iconMedium--KUbf2"><svg class="ui-icon AvailabilitySection-module_iconExclamation--udHHV" stroke-width="1.2" width=" 24" height="24" viewBox="0 0 24 24" preserveAspectRatio="" fill="none" stroke="currentColor" stroke-linecap="round" stroke-linejoin="round" overflow="visible"><path d="M12 13V7" stroke="none"></path><path d="M11.9912 16.005C11.9585 16.0055 11.9262 16.0126 11.8963 16.0257C11.8664 16.0389 11.8394 16.0579 11.8169 16.0817C11.7945 16.1055 11.777 16.1335 11.7655 16.1641C11.7541 16.1947 11.7489 16.2273 11.7502 16.26C11.7525 16.3256 11.7802 16.3878 11.8273 16.4335C11.8745 16.4792 11.9375 16.5048 12.0032 16.505C12.0359 16.5044 12.0681 16.4972 12.0979 16.484C12.1278 16.4708 12.1547 16.4518 12.1772 16.428C12.1996 16.4043 12.2171 16.3763 12.2286 16.3458C12.2401 16.3152 12.2454 16.2826 12.2442 16.25C12.2422 16.1858 12.2159 16.1248 12.1706 16.0793C12.1253 16.0338 12.0644 16.0073 12.0002 16.005H11.9952" stroke="none"></path></svg></div><button class="AvailabilitySection-module_text--zxru7 AvailabilitySection-module_shopText--7jdjN AvailabilitySection-module_textSmall--n1xcJ">Sprawdź dostępność w drogerii</button></div></div></section></div></div></div><div class="swiper-slide ProductSlider-module_slide--q59i6 mb-4" style="margin-right: 16px;"><div class="ProductTile-module_tile--yFwR2 ProductTile-module_small--bAwXa ProductTile-module_round--R0J7y ProductTile-module_bt--7Rs6T ProductTile-module_br--DiNim ProductTile-module_bb--6rqC2 ProductTile-module_bl--VrBPG " data-testid="product-container"><section><div><div class="HeaderSection-module_headerSection--0ATl3"><div class="HeaderSection-module_badgesSection--2J8Ry"><span class="styles-module_badge--ptqlS styles-module_haveMore--O2qzU "><span>MAM WIĘCEJ</span></span></div><button aria-label="Dodaj do ulubionych" data-testid="product-add-to-favorites-button" class="HeaderSection-module_favoritesBtn--AtrEF snrs-add-to-fav" data-sku="2104439"><svg class="icon HeaderSection-module_icon--izXrZ " width="22" height="20" viewBox="0 0 22 20" fill="none" xmlns="http://www.w3.org/2000/svg"><path d="M11.0002 19L2.47741 9.85496C1.72993 9.09105 1.23535 8.09895 1.06538 7.02248C0.89541 5.94601 1.05887 4.84111 1.53207 3.86794C1.89665 3.13055 2.42251 2.4928 3.0672 2.00617C3.7119 1.51954 4.45737 1.19766 5.24344 1.06652C6.02951 0.935373 6.83416 0.998637 7.59245 1.2512C8.35073 1.50376 9.04141 1.93855 9.60872 2.52047L11.0002 3.84257L12.3917 2.52047C12.9591 1.93874 13.6498 1.50411 14.408 1.25166C15.1663 0.999207 15.9708 0.935998 16.7569 1.06713C17.5429 1.19827 18.2883 1.52007 18.933 2.00658C19.5777 2.4931 20.1036 3.13069 20.4683 3.86794C20.9412 4.84117 21.1046 5.94601 20.9346 7.02241C20.7646 8.09882 20.2702 9.0909 19.523 9.85496L11.0002 19Z" stroke="currentColor" stroke-width="1.5" stroke-linecap="round" stroke-linejoin="round"></path></svg></button></div></div><div class="ProductTile-module_imageSection--4dy3j"><div class="ImageSection-module_imageSection--JW6B4 ImageSection-module_imageSectionSmall--wtsuO  "><a href="/Produkt/Peelingi-do-twarzy/Perfecta-peeling-do-twarzy-gruboziarnisty-10-ml,2104439,13064"><img loading="lazy" src="https://pro-fra-s3-productsassets.rossmann.pl/product_7_small/2104439_338_190_1747125906.webp" alt="PERFECTA ,peeling do twarzy, gruboziarnisty,kompozycja-2" data-testid="product-image"></a><div class="ImageSection-module_cmpInfoWrapper---gDf+"></div></div></div><div><a href="/Produkt/Peelingi-do-twarzy/Perfecta-peeling-do-twarzy-gruboziarnisty-10-ml,2104439,13064"><div title="PERFECTA " class="DescriptionSection-module_brand--+Edq7 DescriptionSection-module_brandSmall--J0DP7" data-testid="product-brand"><strong class="DescriptionSection-module_strongSmall--8u2H2">PERFECTA </strong></div><div title="peeling do twarzy, gruboziarnisty" class="DescriptionSection-module_caption--t+QTb DescriptionSection-module_captionSmall--ClR1Q" data-testid="product-caption">peeling do twarzy, gruboziarnisty</div><div class="DescriptionSection-module_unitSmall--AyjB0" data-testid="product-unit">10 ml</div></a></div></section><div class="ProductTile-module_priceBox--SIN7O"><section class="w-100 flex flex-column justify-content-between"><div><div class="PriceSection-module_priceSection--eIBii"><div class="PriceSection-module_priceContainer--SxUEN"><div class="PriceSection-module_priceBox--X1xEI" data-testid="product-current-price-wrapper"><span class="PriceSection-module_price--I18Do PriceSection-module_priceSmall--UhUP0 " data-testid="product-price"><span>3</span><span>,29 zł</span></span></div><span class="PriceSection-module_pricePerUnitSmall--GF40k" data-testid="product-price-per-unit">100 ml = 32,90 zł</span></div><div><button aria-label="Dodaj do koszyka" data-testid="product-add-to-basket-button" class="PriceSection-module_cartBtn--LT628 snrs-add-to-cart" data-sku="2104439" data-name="" data-regular-price="3.29" data-unit-price="100 ml = 32,90 zł" data-link="/Produkt/Peelingi-do-twarzy/Perfecta-peeling-do-twarzy-gruboziarnisty-10-ml,2104439,13064" data-img-link="https://pro-fra-s3-productsassets.rossmann.pl/product_7_medium/2104439_360_350_1747125907.webp" data-labels="[&quot;MAM WIĘCEJ&quot;]" data-brand="PERFECTA" data-caption="peeling do twarzy, gruboziarnisty" data-unit="10 ml"><svg class="ui-icon " stroke-width="1.8" width="16" height="16" viewBox="0 0 24 24" preserveAspectRatio="" fill="none" stroke="currentColor" stroke-linecap="round" stroke-linejoin="round" overflow="visible"><path d="M3.5 9.47656L6.5 3.47656"></path><path d="M20.5 9.47656L17.5 3.47656"></path><path d="M21.5 12.4766H2.5L4.2 20.9836C4.30662 21.4208 4.56062 21.808 4.91924 22.0799C5.27786 22.3518 5.7192 22.4919 6.169 22.4766H17.831C18.2808 22.4919 18.7221 22.3518 19.0808 22.0799C19.4394 21.808 19.6934 21.4208 19.8 20.9836L21.5 12.4766Z"></path><path d="M21.5 9.47656H2.5C1.94772 9.47656 1.5 9.92428 1.5 10.4766V11.4766C1.5 12.0288 1.94772 12.4766 2.5 12.4766H21.5C22.0523 12.4766 22.5 12.0288 22.5 11.4766V10.4766C22.5 9.92428 22.0523 9.47656 21.5 9.47656Z"></path><path d="M12 15.4766V18.9766"></path><path d="M16.5 15.4766L16 18.9766"></path><path d="M7.5 15.4766L8 18.9766"></path></svg></button></div></div></div><div class="AvailabilitySection-module_section--IibdL AvailabilitySection-module_sectionRound--7ZN6d"><div class="AvailabilitySection-module_record--sV0gc"><div class="AvailabilitySection-module_icon--FClji AvailabilitySection-module_iconHigh--A0P1q"><svg class="ui-icon AvailabilitySection-module_iconCheck--68pbU" stroke-width="1.2" width=" 24" height="24" viewBox="0 0 24 24" preserveAspectRatio="" fill="none" stroke="currentColor" stroke-linecap="round" stroke-linejoin="round" overflow="visible"><path d="M12.6667 4.30981L5.97106 13.6431L3.33337 11.0055"></path></svg></div><div class="AvailabilitySection-module_text--zxru7 AvailabilitySection-module_textSmall--n1xcJ">Dostępny online</div></div><div class="AvailabilitySection-module_record--sV0gc"><div class="AvailabilitySection-module_icon--FClji AvailabilitySection-module_iconMedium--KUbf2"><svg class="ui-icon AvailabilitySection-module_iconExclamation--udHHV" stroke-width="1.2" width=" 24" height="24" viewBox="0 0 24 24" preserveAspectRatio="" fill="none" stroke="currentColor" stroke-linecap="round" stroke-linejoin="round" overflow="visible"><path d="M12 13V7" stroke="none"></path><path d="M11.9912 16.005C11.9585 16.0055 11.9262 16.0126 11.8963 16.0257C11.8664 16.0389 11.8394 16.0579 11.8169 16.0817C11.7945 16.1055 11.777 16.1335 11.7655 16.1641C11.7541 16.1947 11.7489 16.2273 11.7502 16.26C11.7525 16.3256 11.7802 16.3878 11.8273 16.4335C11.8745 16.4792 11.9375 16.5048 12.0032 16.505C12.0359 16.5044 12.0681 16.4972 12.0979 16.484C12.1278 16.4708 12.1547 16.4518 12.1772 16.428C12.1996 16.4043 12.2171 16.3763 12.2286 16.3458C12.2401 16.3152 12.2454 16.2826 12.2442 16.25C12.2422 16.1858 12.2159 16.1248 12.1706 16.0793C12.1253 16.0338 12.0644 16.0073 12.0002 16.005H11.9952" stroke="none"></path></svg></div><button class="AvailabilitySection-module_text--zxru7 AvailabilitySection-module_shopText--7jdjN AvailabilitySection-module_textSmall--n1xcJ">Sprawdź dostępność w drogerii</button></div></div></section></div></div></div><div class="swiper-slide ProductSlider-module_slide--q59i6 mb-4" style="margin-right: 16px;"><div class="ProductTile-module_tile--yFwR2 ProductTile-module_small--bAwXa ProductTile-module_round--R0J7y ProductTile-module_bt--7Rs6T ProductTile-module_br--DiNim ProductTile-module_bb--6rqC2 ProductTile-module_bl--VrBPG " data-testid="product-container"><section><div><div class="HeaderSection-module_headerSection--0ATl3"><div class="HeaderSection-module_badgesSection--2J8Ry"><span class="styles-module_badge--ptqlS styles-module_haveMore--O2qzU "><span>MAM WIĘCEJ</span></span></div><button aria-label="Dodaj do ulubionych" data-testid="product-add-to-favorites-button" class="HeaderSection-module_favoritesBtn--AtrEF snrs-add-to-fav" data-sku="2104440"><svg class="icon HeaderSection-module_icon--izXrZ " width="22" height="20" viewBox="0 0 22 20" fill="none" xmlns="http://www.w3.org/2000/svg"><path d="M11.0002 19L2.47741 9.85496C1.72993 9.09105 1.23535 8.09895 1.06538 7.02248C0.89541 5.94601 1.05887 4.84111 1.53207 3.86794C1.89665 3.13055 2.42251 2.4928 3.0672 2.00617C3.7119 1.51954 4.45737 1.19766 5.24344 1.06652C6.02951 0.935373 6.83416 0.998637 7.59245 1.2512C8.35073 1.50376 9.04141 1.93855 9.60872 2.52047L11.0002 3.84257L12.3917 2.52047C12.9591 1.93874 13.6498 1.50411 14.408 1.25166C15.1663 0.999207 15.9708 0.935998 16.7569 1.06713C17.5429 1.19827 18.2883 1.52007 18.933 2.00658C19.5777 2.4931 20.1036 3.13069 20.4683 3.86794C20.9412 4.84117 21.1046 5.94601 20.9346 7.02241C20.7646 8.09882 20.2702 9.0909 19.523 9.85496L11.0002 19Z" stroke="currentColor" stroke-width="1.5" stroke-linecap="round" stroke-linejoin="round"></path></svg></button></div></div><div class="ProductTile-module_imageSection--4dy3j"><div class="ImageSection-module_imageSection--JW6B4 ImageSection-module_imageSectionSmall--wtsuO  "><a href="/Produkt/Peelingi-do-twarzy/Perfecta-peeling-do-twarzy-drobnoziarnisty-10-ml,2104440,13064"><img loading="lazy" src="https://pro-fra-s3-productsassets.rossmann.pl/product_7_small/2104440_338_190_1747125944.webp" alt="PERFECTA ,peeling do twarzy, drobnoziarnisty,kompozycja-2" data-testid="product-image"></a><div class="ImageSection-module_cmpInfoWrapper---gDf+"></div></div></div><div><a href="/Produkt/Peelingi-do-twarzy/Perfecta-peeling-do-twarzy-drobnoziarnisty-10-ml,2104440,13064"><div title="PERFECTA " class="DescriptionSection-module_brand--+Edq7 DescriptionSection-module_brandSmall--J0DP7" data-testid="product-brand"><strong class="DescriptionSection-module_strongSmall--8u2H2">PERFECTA </strong></div><div title="peeling do twarzy, drobnoziarnisty" class="DescriptionSection-module_caption--t+QTb DescriptionSection-module_captionSmall--ClR1Q" data-testid="product-caption">peeling do twarzy, drobnoziarnisty</div><div class="DescriptionSection-module_unitSmall--AyjB0" data-testid="product-unit">10 ml</div></a></div></section><div class="ProductTile-module_priceBox--SIN7O"><section class="w-100 flex flex-column justify-content-between"><div><div class="PriceSection-module_priceSection--eIBii"><div class="PriceSection-module_priceContainer--SxUEN"><div class="PriceSection-module_priceBox--X1xEI" data-testid="product-current-price-wrapper"><span class="PriceSection-module_price--I18Do PriceSection-module_priceSmall--UhUP0 " data-testid="product-price"><span>3</span><span>,29 zł</span></span></div><span class="PriceSection-module_pricePerUnitSmall--GF40k" data-testid="product-price-per-unit">100 ml = 32,90 zł</span></div><div><button aria-label="Dodaj do koszyka" data-testid="product-add-to-basket-button" class="PriceSection-module_cartBtn--LT628 snrs-add-to-cart" data-sku="2104440" data-name="" data-regular-price="3.29" data-unit-price="100 ml = 32,90 zł" data-link="/Produkt/Peelingi-do-twarzy/Perfecta-peeling-do-twarzy-drobnoziarnisty-10-ml,2104440,13064" data-img-link="https://pro-fra-s3-productsassets.rossmann.pl/product_7_medium/2104440_360_350_1747125946.webp" data-labels="[&quot;MAM WIĘCEJ&quot;]" data-brand="PERFECTA" data-caption="peeling do twarzy, drobnoziarnisty" data-unit="10 ml"><svg class="ui-icon " stroke-width="1.8" width="16" height="16" viewBox="0 0 24 24" preserveAspectRatio="" fill="none" stroke="currentColor" stroke-linecap="round" stroke-linejoin="round" overflow="visible"><path d="M3.5 9.47656L6.5 3.47656"></path><path d="M20.5 9.47656L17.5 3.47656"></path><path d="M21.5 12.4766H2.5L4.2 20.9836C4.30662 21.4208 4.56062 21.808 4.91924 22.0799C5.27786 22.3518 5.7192 22.4919 6.169 22.4766H17.831C18.2808 22.4919 18.7221 22.3518 19.0808 22.0799C19.4394 21.808 19.6934 21.4208 19.8 20.9836L21.5 12.4766Z"></path><path d="M21.5 9.47656H2.5C1.94772 9.47656 1.5 9.92428 1.5 10.4766V11.4766C1.5 12.0288 1.94772 12.4766 2.5 12.4766H21.5C22.0523 12.4766 22.5 12.0288 22.5 11.4766V10.4766C22.5 9.92428 22.0523 9.47656 21.5 9.47656Z"></path><path d="M12 15.4766V18.9766"></path><path d="M16.5 15.4766L16 18.9766"></path><path d="M7.5 15.4766L8 18.9766"></path></svg></button></div></div></div><div class="AvailabilitySection-module_section--IibdL AvailabilitySection-module_sectionRound--7ZN6d"><div class="AvailabilitySection-module_record--sV0gc"><div class="AvailabilitySection-module_icon--FClji AvailabilitySection-module_iconHigh--A0P1q"><svg class="ui-icon AvailabilitySection-module_iconCheck--68pbU" stroke-width="1.2" width=" 24" height="24" viewBox="0 0 24 24" preserveAspectRatio="" fill="none" stroke="currentColor" stroke-linecap="round" stroke-linejoin="round" overflow="visible"><path d="M12.6667 4.30981L5.97106 13.6431L3.33337 11.0055"></path></svg></div><div class="AvailabilitySection-module_text--zxru7 AvailabilitySection-module_textSmall--n1xcJ">Dostępny online</div></div><div class="AvailabilitySection-module_record--sV0gc"><div class="AvailabilitySection-module_icon--FClji AvailabilitySection-module_iconMedium--KUbf2"><svg class="ui-icon AvailabilitySection-module_iconExclamation--udHHV" stroke-width="1.2" width=" 24" height="24" viewBox="0 0 24 24" preserveAspectRatio="" fill="none" stroke="currentColor" stroke-linecap="round" stroke-linejoin="round" overflow="visible"><path d="M12 13V7" stroke="none"></path><path d="M11.9912 16.005C11.9585 16.0055 11.9262 16.0126 11.8963 16.0257C11.8664 16.0389 11.8394 16.0579 11.8169 16.0817C11.7945 16.1055 11.777 16.1335 11.7655 16.1641C11.7541 16.1947 11.7489 16.2273 11.7502 16.26C11.7525 16.3256 11.7802 16.3878 11.8273 16.4335C11.8745 16.4792 11.9375 16.5048 12.0032 16.505C12.0359 16.5044 12.0681 16.4972 12.0979 16.484C12.1278 16.4708 12.1547 16.4518 12.1772 16.428C12.1996 16.4043 12.2171 16.3763 12.2286 16.3458C12.2401 16.3152 12.2454 16.2826 12.2442 16.25C12.2422 16.1858 12.2159 16.1248 12.1706 16.0793C12.1253 16.0338 12.0644 16.0073 12.0002 16.005H11.9952" stroke="none"></path></svg></div><button class="AvailabilitySection-module_text--zxru7 AvailabilitySection-module_shopText--7jdjN AvailabilitySection-module_textSmall--n1xcJ">Sprawdź dostępność w drogerii</button></div></div></section></div></div></div><div class="swiper-slide ProductSlider-module_slide--q59i6 mb-4" style="margin-right: 16px;"><div class="ProductTile-module_tile--yFwR2 ProductTile-module_small--bAwXa ProductTile-module_round--R0J7y ProductTile-module_bt--7Rs6T ProductTile-module_br--DiNim ProductTile-module_bb--6rqC2 ProductTile-module_bl--VrBPG " data-testid="product-container"><section><div><div class="HeaderSection-module_headerSection--0ATl3"><div class="HeaderSection-module_badgesSection--2J8Ry"><span class="styles-module_badge--ptqlS styles-module_haveMore--O2qzU "><span>MAM WIĘCEJ</span></span></div><button aria-label="Dodaj do ulubionych" data-testid="product-add-to-favorites-button" class="HeaderSection-module_favoritesBtn--AtrEF snrs-add-to-fav" data-sku="2102843"><svg class="icon HeaderSection-module_icon--izXrZ " width="22" height="20" viewBox="0 0 22 20" fill="none" xmlns="http://www.w3.org/2000/svg"><path d="M11.0002 19L2.47741 9.85496C1.72993 9.09105 1.23535 8.09895 1.06538 7.02248C0.89541 5.94601 1.05887 4.84111 1.53207 3.86794C1.89665 3.13055 2.42251 2.4928 3.0672 2.00617C3.7119 1.51954 4.45737 1.19766 5.24344 1.06652C6.02951 0.935373 6.83416 0.998637 7.59245 1.2512C8.35073 1.50376 9.04141 1.93855 9.60872 2.52047L11.0002 3.84257L12.3917 2.52047C12.9591 1.93874 13.6498 1.50411 14.408 1.25166C15.1663 0.999207 15.9708 0.935998 16.7569 1.06713C17.5429 1.19827 18.2883 1.52007 18.933 2.00658C19.5777 2.4931 20.1036 3.13069 20.4683 3.86794C20.9412 4.84117 21.1046 5.94601 20.9346 7.02241C20.7646 8.09882 20.2702 9.0909 19.523 9.85496L11.0002 19Z" stroke="currentColor" stroke-width="1.5" stroke-linecap="round" stroke-linejoin="round"></path></svg></button></div></div><div class="ProductTile-module_imageSection--4dy3j"><div class="ImageSection-module_imageSection--JW6B4 ImageSection-module_imageSectionSmall--wtsuO  "><a href="/Produkt/Serum-boostery-i-esencje/Bielenda-Skin-Clinic-Professional-serum-do-twarzy-normalizujaco-wygladzajace-z-niacynamidem-na-dz,2102843,13051"><img loading="lazy" src="https://pro-fra-s3-productsassets.rossmann.pl/product_7_small/2102843_338_190_1746787018.webp" alt="BIELENDA Skin Clinic Professional ,serum do twarzy, normalizująco-wygładzające, z niacynamidem, na dzień i na noc,kompozycja-2" data-testid="product-image"></a><div class="ImageSection-module_cmpInfoWrapper---gDf+"></div></div></div><div><a href="/Produkt/Serum-boostery-i-esencje/Bielenda-Skin-Clinic-Professional-serum-do-twarzy-normalizujaco-wygladzajace-z-niacynamidem-na-dz,2102843,13051"><div title="BIELENDA Skin Clinic Professional " class="DescriptionSection-module_brand--+Edq7 DescriptionSection-module_brandSmall--J0DP7" data-testid="product-brand"><strong class="DescriptionSection-module_strongSmall--8u2H2">BIELENDA Skin Clinic Professional </strong></div><div title="serum do twarzy, normalizująco-wygładzające, z niacynamidem, na dzień i na noc" class="DescriptionSection-module_caption--t+QTb DescriptionSection-module_captionSmall--ClR1Q" data-testid="product-caption">serum do twarzy, normalizująco-wygładzające, z niacynamidem, na dzień i na noc</div><div class="DescriptionSection-module_unitSmall--AyjB0" data-testid="product-unit">45 ml</div></a></div></section><div class="ProductTile-module_priceBox--SIN7O"><section class="w-100 flex flex-column justify-content-between"><div><div class="PriceSection-module_priceSection--eIBii"><div class="PriceSection-module_priceContainer--SxUEN"><div class="PriceSection-module_priceBox--X1xEI" data-testid="product-current-price-wrapper"><span class="PriceSection-module_price--I18Do PriceSection-module_priceSmall--UhUP0 " data-testid="product-price"><span>31</span><span>,99 zł</span></span></div><span class="PriceSection-module_pricePerUnitSmall--GF40k" data-testid="product-price-per-unit">100 ml = 71,09 zł</span></div><div><button aria-label="Dodaj do koszyka" data-testid="product-add-to-basket-button" class="PriceSection-module_cartBtn--LT628 snrs-add-to-cart" data-sku="2102843" data-name="Skin Clinic Professional " data-regular-price="31.99" data-unit-price="100 ml = 71,09 zł" data-link="/Produkt/Serum-boostery-i-esencje/Bielenda-Skin-Clinic-Professional-serum-do-twarzy-normalizujaco-wygladzajace-z-niacynamidem-na-dz,2102843,13051" data-img-link="https://pro-fra-s3-productsassets.rossmann.pl/product_7_medium/2102843_360_350_1746787021.webp" data-labels="[&quot;MAM WIĘCEJ&quot;]" data-brand="BIELENDA" data-caption="serum do twarzy, normalizująco-wygładzające, z niacynamidem, na dzień i na noc" data-unit="45 ml"><svg class="ui-icon " stroke-width="1.8" width="16" height="16" viewBox="0 0 24 24" preserveAspectRatio="" fill="none" stroke="currentColor" stroke-linecap="round" stroke-linejoin="round" overflow="visible"><path d="M3.5 9.47656L6.5 3.47656"></path><path d="M20.5 9.47656L17.5 3.47656"></path><path d="M21.5 12.4766H2.5L4.2 20.9836C4.30662 21.4208 4.56062 21.808 4.91924 22.0799C5.27786 22.3518 5.7192 22.4919 6.169 22.4766H17.831C18.2808 22.4919 18.7221 22.3518 19.0808 22.0799C19.4394 21.808 19.6934 21.4208 19.8 20.9836L21.5 12.4766Z"></path><path d="M21.5 9.47656H2.5C1.94772 9.47656 1.5 9.92428 1.5 10.4766V11.4766C1.5 12.0288 1.94772 12.4766 2.5 12.4766H21.5C22.0523 12.4766 22.5 12.0288 22.5 11.4766V10.4766C22.5 9.92428 22.0523 9.47656 21.5 9.47656Z"></path><path d="M12 15.4766V18.9766"></path><path d="M16.5 15.4766L16 18.9766"></path><path d="M7.5 15.4766L8 18.9766"></path></svg></button></div></div></div><div class="AvailabilitySection-module_section--IibdL AvailabilitySection-module_sectionRound--7ZN6d"><div class="AvailabilitySection-module_record--sV0gc"><div class="AvailabilitySection-module_icon--FClji AvailabilitySection-module_iconHigh--A0P1q"><svg class="ui-icon AvailabilitySection-module_iconCheck--68pbU" stroke-width="1.2" width=" 24" height="24" viewBox="0 0 24 24" preserveAspectRatio="" fill="none" stroke="currentColor" stroke-linecap="round" stroke-linejoin="round" overflow="visible"><path d="M12.6667 4.30981L5.97106 13.6431L3.33337 11.0055"></path></svg></div><div class="AvailabilitySection-module_text--zxru7 AvailabilitySection-module_textSmall--n1xcJ">Dostępny online</div></div><div class="AvailabilitySection-module_record--sV0gc"><div class="AvailabilitySection-module_icon--FClji AvailabilitySection-module_iconMedium--KUbf2"><svg class="ui-icon AvailabilitySection-module_iconExclamation--udHHV" stroke-width="1.2" width=" 24" height="24" viewBox="0 0 24 24" preserveAspectRatio="" fill="none" stroke="currentColor" stroke-linecap="round" stroke-linejoin="round" overflow="visible"><path d="M12 13V7" stroke="none"></path><path d="M11.9912 16.005C11.9585 16.0055 11.9262 16.0126 11.8963 16.0257C11.8664 16.0389 11.8394 16.0579 11.8169 16.0817C11.7945 16.1055 11.777 16.1335 11.7655 16.1641C11.7541 16.1947 11.7489 16.2273 11.7502 16.26C11.7525 16.3256 11.7802 16.3878 11.8273 16.4335C11.8745 16.4792 11.9375 16.5048 12.0032 16.505C12.0359 16.5044 12.0681 16.4972 12.0979 16.484C12.1278 16.4708 12.1547 16.4518 12.1772 16.428C12.1996 16.4043 12.2171 16.3763 12.2286 16.3458C12.2401 16.3152 12.2454 16.2826 12.2442 16.25C12.2422 16.1858 12.2159 16.1248 12.1706 16.0793C12.1253 16.0338 12.0644 16.0073 12.0002 16.005H11.9952" stroke="none"></path></svg></div><button class="AvailabilitySection-module_text--zxru7 AvailabilitySection-module_shopText--7jdjN AvailabilitySection-module_textSmall--n1xcJ">Sprawdź dostępność w drogerii</button></div></div></section></div></div></div><div class="swiper-slide ProductSlider-module_slide--q59i6 mb-4" style="margin-right: 16px;"><div class="ProductTile-module_tile--yFwR2 ProductTile-module_small--bAwXa ProductTile-module_round--R0J7y ProductTile-module_bt--7Rs6T ProductTile-module_br--DiNim ProductTile-module_bb--6rqC2 ProductTile-module_bl--VrBPG " data-testid="product-container"><section><div><div class="HeaderSection-module_headerSection--0ATl3"><div class="HeaderSection-module_badgesSection--2J8Ry"><span class="styles-module_badge--ptqlS styles-module_haveMore--O2qzU "><span>MAM WIĘCEJ</span></span></div><button aria-label="Dodaj do ulubionych" data-testid="product-add-to-favorites-button" class="HeaderSection-module_favoritesBtn--AtrEF snrs-add-to-fav" data-sku="2098036"><svg class="icon HeaderSection-module_icon--izXrZ " width="22" height="20" viewBox="0 0 22 20" fill="none" xmlns="http://www.w3.org/2000/svg"><path d="M11.0002 19L2.47741 9.85496C1.72993 9.09105 1.23535 8.09895 1.06538 7.02248C0.89541 5.94601 1.05887 4.84111 1.53207 3.86794C1.89665 3.13055 2.42251 2.4928 3.0672 2.00617C3.7119 1.51954 4.45737 1.19766 5.24344 1.06652C6.02951 0.935373 6.83416 0.998637 7.59245 1.2512C8.35073 1.50376 9.04141 1.93855 9.60872 2.52047L11.0002 3.84257L12.3917 2.52047C12.9591 1.93874 13.6498 1.50411 14.408 1.25166C15.1663 0.999207 15.9708 0.935998 16.7569 1.06713C17.5429 1.19827 18.2883 1.52007 18.933 2.00658C19.5777 2.4931 20.1036 3.13069 20.4683 3.86794C20.9412 4.84117 21.1046 5.94601 20.9346 7.02241C20.7646 8.09882 20.2702 9.0909 19.523 9.85496L11.0002 19Z" stroke="currentColor" stroke-width="1.5" stroke-linecap="round" stroke-linejoin="round"></path></svg></button></div></div><div class="ProductTile-module_imageSection--4dy3j"><div class="ImageSection-module_imageSection--JW6B4 ImageSection-module_imageSectionSmall--wtsuO  "><a href="/Produkt/Mydla-w-plynie/Bialy-Jelen-mydlo-w-plynie-hipoalergiczne-500-ml,2098036,13108"><img loading="lazy" src="https://pro-fra-s3-productsassets.rossmann.pl/product_7_small/2098036_338_190_1746784928.webp" alt="BIAŁY JELEŃ ,mydło w płynie, hipoalergiczne,kompozycja-2" data-testid="product-image"></a><div class="ImageSection-module_cmpInfoWrapper---gDf+"></div></div></div><div><a href="/Produkt/Mydla-w-plynie/Bialy-Jelen-mydlo-w-plynie-hipoalergiczne-500-ml,2098036,13108"><div title="BIAŁY JELEŃ " class="DescriptionSection-module_brand--+Edq7 DescriptionSection-module_brandSmall--J0DP7" data-testid="product-brand"><strong class="DescriptionSection-module_strongSmall--8u2H2">BIAŁY JELEŃ </strong></div><div title="mydło w płynie, hipoalergiczne" class="DescriptionSection-module_caption--t+QTb DescriptionSection-module_captionSmall--ClR1Q" data-testid="product-caption">mydło w płynie, hipoalergiczne</div><div class="DescriptionSection-module_unitSmall--AyjB0" data-testid="product-unit">500 ml</div></a></div></section><div class="ProductTile-module_priceBox--SIN7O"><section class="w-100 flex flex-column justify-content-between"><div><div class="PriceSection-module_priceSection--eIBii"><div class="PriceSection-module_priceContainer--SxUEN"><div class="PriceSection-module_priceBox--X1xEI" data-testid="product-current-price-wrapper"><span class="PriceSection-module_price--I18Do PriceSection-module_priceSmall--UhUP0 PriceSection-module_pricePromotion--4NEgk" data-testid="product-price"><span>6</span><span>,99 zł</span></span></div><span class="PriceSection-module_pricePerUnitSmall--GF40k" data-testid="product-price-per-unit">100 ml = 1,40 zł</span></div><div><button aria-label="Dodaj do koszyka" data-testid="product-add-to-basket-button" class="PriceSection-module_cartBtn--LT628 snrs-add-to-cart" data-sku="2098036" data-name="" data-regular-price="8.79" data-promo-price="6.99" data-omnibus-price="8.79" data-unit-price="100 ml = 1,40 zł" data-link="/Produkt/Mydla-w-plynie/Bialy-Jelen-mydlo-w-plynie-hipoalergiczne-500-ml,2098036,13108" data-img-link="https://pro-fra-s3-productsassets.rossmann.pl/product_7_medium/2098036_360_350_1746784930.webp" data-labels="[&quot;MAM WIĘCEJ&quot;]" data-brand="BIAŁY JELEŃ" data-caption="mydło w płynie, hipoalergiczne" data-unit="500 ml"><svg class="ui-icon " stroke-width="1.8" width="16" height="16" viewBox="0 0 24 24" preserveAspectRatio="" fill="none" stroke="currentColor" stroke-linecap="round" stroke-linejoin="round" overflow="visible"><path d="M3.5 9.47656L6.5 3.47656"></path><path d="M20.5 9.47656L17.5 3.47656"></path><path d="M21.5 12.4766H2.5L4.2 20.9836C4.30662 21.4208 4.56062 21.808 4.91924 22.0799C5.27786 22.3518 5.7192 22.4919 6.169 22.4766H17.831C18.2808 22.4919 18.7221 22.3518 19.0808 22.0799C19.4394 21.808 19.6934 21.4208 19.8 20.9836L21.5 12.4766Z"></path><path d="M21.5 9.47656H2.5C1.94772 9.47656 1.5 9.92428 1.5 10.4766V11.4766C1.5 12.0288 1.94772 12.4766 2.5 12.4766H21.5C22.0523 12.4766 22.5 12.0288 22.5 11.4766V10.4766C22.5 9.92428 22.0523 9.47656 21.5 9.47656Z"></path><path d="M12 15.4766V18.9766"></path><path d="M16.5 15.4766L16 18.9766"></path><path d="M7.5 15.4766L8 18.9766"></path></svg></button></div></div><div class="PriceDetailSection-module_section--GiX3L" data-testid="product-omnibus"><div class="tile-product__lowest-price"><div class="LowestPrice-module_text--cofnN LowestPrice-module_textSmall--57oJQ"><span>Najniższa cena: </span><span data-testid="lowest-price-in-30-days" class="LowestPrice-module_price--E4qKq ml-1"><span data-testid="product-price" class="styles-module_strike--3Okb2  styles-module_xxxSmall--DH55z styles-module_price--9IDpJ">8<span class="styles-module_price--9IDpJ">,79</span> <span>zł</span></span></span><button aria-label="Najniższa cena z 30 dni przed obniżką" data-state="closed" class="OmnibusTrigger-module_button--G5UaQ"><svg class="ui-icon " stroke-width="1.2" width="16" height="16" viewBox="0 0 24 24" preserveAspectRatio="" fill="none" stroke="currentColor" stroke-linecap="round" stroke-linejoin="round" overflow="visible"><path d="M12 22C17.5228 22 22 17.5228 22 12C22 6.47714 17.5228 2 12 2C6.47715 2 2 6.47714 2 12C2 17.5228 6.47715 22 12 22Z"></path><path d="M14 17H12.6667C12.4309 17 12.2048 16.8946 12.0381 16.7071C11.8715 16.5196 11.7778 16.2652 11.7778 16V10.5C11.7778 10.3674 11.7309 10.2402 11.6476 10.1465C11.5643 10.0527 11.4512 10 11.3333 10H10"></path><path d="M11.7415 7C11.6034 7 11.4915 6.88807 11.4915 6.75C11.4915 6.61193 11.6034 6.5 11.7415 6.5"></path><path d="M11.7415 7C11.8795 7 11.9915 6.88807 11.9915 6.75C11.9915 6.61193 11.8795 6.5 11.7415 6.5"></path></svg></button></div></div></div></div><div class="AvailabilitySection-module_section--IibdL AvailabilitySection-module_sectionRound--7ZN6d"><div class="AvailabilitySection-module_record--sV0gc"><div class="AvailabilitySection-module_icon--FClji AvailabilitySection-module_iconHigh--A0P1q"><svg class="ui-icon AvailabilitySection-module_iconCheck--68pbU" stroke-width="1.2" width=" 24" height="24" viewBox="0 0 24 24" preserveAspectRatio="" fill="none" stroke="currentColor" stroke-linecap="round" stroke-linejoin="round" overflow="visible"><path d="M12.6667 4.30981L5.97106 13.6431L3.33337 11.0055"></path></svg></div><div class="AvailabilitySection-module_text--zxru7 AvailabilitySection-module_textSmall--n1xcJ">Dostępny online</div></div><div class="AvailabilitySection-module_record--sV0gc"><div class="AvailabilitySection-module_icon--FClji AvailabilitySection-module_iconMedium--KUbf2"><svg class="ui-icon AvailabilitySection-module_iconExclamation--udHHV" stroke-width="1.2" width=" 24" height="24" viewBox="0 0 24 24" preserveAspectRatio="" fill="none" stroke="currentColor" stroke-linecap="round" stroke-linejoin="round" overflow="visible"><path d="M12 13V7" stroke="none"></path><path d="M11.9912 16.005C11.9585 16.0055 11.9262 16.0126 11.8963 16.0257C11.8664 16.0389 11.8394 16.0579 11.8169 16.0817C11.7945 16.1055 11.777 16.1335 11.7655 16.1641C11.7541 16.1947 11.7489 16.2273 11.7502 16.26C11.7525 16.3256 11.7802 16.3878 11.8273 16.4335C11.8745 16.4792 11.9375 16.5048 12.0032 16.505C12.0359 16.5044 12.0681 16.4972 12.0979 16.484C12.1278 16.4708 12.1547 16.4518 12.1772 16.428C12.1996 16.4043 12.2171 16.3763 12.2286 16.3458C12.2401 16.3152 12.2454 16.2826 12.2442 16.25C12.2422 16.1858 12.2159 16.1248 12.1706 16.0793C12.1253 16.0338 12.0644 16.0073 12.0002 16.005H11.9952" stroke="none"></path></svg></div><button class="AvailabilitySection-module_text--zxru7 AvailabilitySection-module_shopText--7jdjN AvailabilitySection-module_textSmall--n1xcJ">Sprawdź dostępność w drogerii</button></div></div></section></div></div></div><div class="swiper-slide ProductSlider-module_slide--q59i6 mb-4" style="margin-right: 16px;"><div class="ProductTile-module_tile--yFwR2 ProductTile-module_small--bAwXa ProductTile-module_round--R0J7y ProductTile-module_bt--7Rs6T ProductTile-module_br--DiNim ProductTile-module_bb--6rqC2 ProductTile-module_bl--VrBPG " data-testid="product-container"><section><div><div class="HeaderSection-module_headerSection--0ATl3"><div class="HeaderSection-module_badgesSection--2J8Ry"><span class="styles-module_badge--ptqlS styles-module_haveMore--O2qzU "><span>MAM WIĘCEJ</span></span></div><button aria-label="Dodaj do ulubionych" data-testid="product-add-to-favorites-button" class="HeaderSection-module_favoritesBtn--AtrEF snrs-add-to-fav" data-sku="2100116"><svg class="icon HeaderSection-module_icon--izXrZ " width="22" height="20" viewBox="0 0 22 20" fill="none" xmlns="http://www.w3.org/2000/svg"><path d="M11.0002 19L2.47741 9.85496C1.72993 9.09105 1.23535 8.09895 1.06538 7.02248C0.89541 5.94601 1.05887 4.84111 1.53207 3.86794C1.89665 3.13055 2.42251 2.4928 3.0672 2.00617C3.7119 1.51954 4.45737 1.19766 5.24344 1.06652C6.02951 0.935373 6.83416 0.998637 7.59245 1.2512C8.35073 1.50376 9.04141 1.93855 9.60872 2.52047L11.0002 3.84257L12.3917 2.52047C12.9591 1.93874 13.6498 1.50411 14.408 1.25166C15.1663 0.999207 15.9708 0.935998 16.7569 1.06713C17.5429 1.19827 18.2883 1.52007 18.933 2.00658C19.5777 2.4931 20.1036 3.13069 20.4683 3.86794C20.9412 4.84117 21.1046 5.94601 20.9346 7.02241C20.7646 8.09882 20.2702 9.0909 19.523 9.85496L11.0002 19Z" stroke="currentColor" stroke-width="1.5" stroke-linecap="round" stroke-linejoin="round"></path></svg></button></div></div><div class="ProductTile-module_imageSection--4dy3j"><div class="ImageSection-module_imageSection--JW6B4 ImageSection-module_imageSectionSmall--wtsuO  "><a href="/Produkt/Pianki-i-kremy-do-golenia/Venus-zel-do-golenia-nawilzajacy-z-witamina-E-i-aloesem-250-ml,2100116,13113"><img loading="lazy" src="https://pro-fra-s3-productsassets.rossmann.pl/product_7_small/2100116_338_190_1746781895.webp" alt="VENUS ,żel do golenia, nawilżający, z witaminą E i aloesem,kompozycja-2" data-testid="product-image"></a><div class="ImageSection-module_cmpInfoWrapper---gDf+"></div></div></div><div><a href="/Produkt/Pianki-i-kremy-do-golenia/Venus-zel-do-golenia-nawilzajacy-z-witamina-E-i-aloesem-250-ml,2100116,13113"><div title="VENUS " class="DescriptionSection-module_brand--+Edq7 DescriptionSection-module_brandSmall--J0DP7" data-testid="product-brand"><strong class="DescriptionSection-module_strongSmall--8u2H2">VENUS </strong></div><div title="żel do golenia, nawilżający, z witaminą E i aloesem" class="DescriptionSection-module_caption--t+QTb DescriptionSection-module_captionSmall--ClR1Q" data-testid="product-caption">żel do golenia, nawilżający, z witaminą E i aloesem</div><div class="DescriptionSection-module_unitSmall--AyjB0" data-testid="product-unit">250 ml</div></a></div></section><div class="ProductTile-module_priceBox--SIN7O"><section class="w-100 flex flex-column justify-content-between"><div><div class="PriceSection-module_priceSection--eIBii"><div class="PriceSection-module_priceContainer--SxUEN"><div class="PriceSection-module_priceBox--X1xEI" data-testid="product-current-price-wrapper"><span class="PriceSection-module_price--I18Do PriceSection-module_priceSmall--UhUP0 " data-testid="product-price"><span>13</span><span>,99 zł</span></span></div><span class="PriceSection-module_pricePerUnitSmall--GF40k" data-testid="product-price-per-unit">100 ml = 5,60 zł</span></div><div><button aria-label="Dodaj do koszyka" data-testid="product-add-to-basket-button" class="PriceSection-module_cartBtn--LT628 snrs-add-to-cart" data-sku="2100116" data-name="" data-regular-price="13.99" data-unit-price="100 ml = 5,60 zł" data-link="/Produkt/Pianki-i-kremy-do-golenia/Venus-zel-do-golenia-nawilzajacy-z-witamina-E-i-aloesem-250-ml,2100116,13113" data-img-link="https://pro-fra-s3-productsassets.rossmann.pl/product_7_medium/2100116_360_350_1746781897.webp" data-labels="[&quot;MAM WIĘCEJ&quot;]" data-brand="VENUS" data-caption="żel do golenia, nawilżający, z witaminą E i aloesem" data-unit="250 ml"><svg class="ui-icon " stroke-width="1.8" width="16" height="16" viewBox="0 0 24 24" preserveAspectRatio="" fill="none" stroke="currentColor" stroke-linecap="round" stroke-linejoin="round" overflow="visible"><path d="M3.5 9.47656L6.5 3.47656"></path><path d="M20.5 9.47656L17.5 3.47656"></path><path d="M21.5 12.4766H2.5L4.2 20.9836C4.30662 21.4208 4.56062 21.808 4.91924 22.0799C5.27786 22.3518 5.7192 22.4919 6.169 22.4766H17.831C18.2808 22.4919 18.7221 22.3518 19.0808 22.0799C19.4394 21.808 19.6934 21.4208 19.8 20.9836L21.5 12.4766Z"></path><path d="M21.5 9.47656H2.5C1.94772 9.47656 1.5 9.92428 1.5 10.4766V11.4766C1.5 12.0288 1.94772 12.4766 2.5 12.4766H21.5C22.0523 12.4766 22.5 12.0288 22.5 11.4766V10.4766C22.5 9.92428 22.0523 9.47656 21.5 9.47656Z"></path><path d="M12 15.4766V18.9766"></path><path d="M16.5 15.4766L16 18.9766"></path><path d="M7.5 15.4766L8 18.9766"></path></svg></button></div></div></div><div class="AvailabilitySection-module_section--IibdL AvailabilitySection-module_sectionRound--7ZN6d"><div class="AvailabilitySection-module_record--sV0gc"><div class="AvailabilitySection-module_icon--FClji AvailabilitySection-module_iconHigh--A0P1q"><svg class="ui-icon AvailabilitySection-module_iconCheck--68pbU" stroke-width="1.2" width=" 24" height="24" viewBox="0 0 24 24" preserveAspectRatio="" fill="none" stroke="currentColor" stroke-linecap="round" stroke-linejoin="round" overflow="visible"><path d="M12.6667 4.30981L5.97106 13.6431L3.33337 11.0055"></path></svg></div><div class="AvailabilitySection-module_text--zxru7 AvailabilitySection-module_textSmall--n1xcJ">Dostępny online</div></div><div class="AvailabilitySection-module_record--sV0gc"><div class="AvailabilitySection-module_icon--FClji AvailabilitySection-module_iconMedium--KUbf2"><svg class="ui-icon AvailabilitySection-module_iconExclamation--udHHV" stroke-width="1.2" width=" 24" height="24" viewBox="0 0 24 24" preserveAspectRatio="" fill="none" stroke="currentColor" stroke-linecap="round" stroke-linejoin="round" overflow="visible"><path d="M12 13V7" stroke="none"></path><path d="M11.9912 16.005C11.9585 16.0055 11.9262 16.0126 11.8963 16.0257C11.8664 16.0389 11.8394 16.0579 11.8169 16.0817C11.7945 16.1055 11.777 16.1335 11.7655 16.1641C11.7541 16.1947 11.7489 16.2273 11.7502 16.26C11.7525 16.3256 11.7802 16.3878 11.8273 16.4335C11.8745 16.4792 11.9375 16.5048 12.0032 16.505C12.0359 16.5044 12.0681 16.4972 12.0979 16.484C12.1278 16.4708 12.1547 16.4518 12.1772 16.428C12.1996 16.4043 12.2171 16.3763 12.2286 16.3458C12.2401 16.3152 12.2454 16.2826 12.2442 16.25C12.2422 16.1858 12.2159 16.1248 12.1706 16.0793C12.1253 16.0338 12.0644 16.0073 12.0002 16.005H11.9952" stroke="none"></path></svg></div><button class="AvailabilitySection-module_text--zxru7 AvailabilitySection-module_shopText--7jdjN AvailabilitySection-module_textSmall--n1xcJ">Sprawdź dostępność w drogerii</button></div></div></section></div></div></div><div class="swiper-slide ProductSlider-module_slide--q59i6 mb-4" style="margin-right: 16px;"><div class="ProductTile-module_tile--yFwR2 ProductTile-module_small--bAwXa ProductTile-module_round--R0J7y ProductTile-module_bt--7Rs6T ProductTile-module_br--DiNim ProductTile-module_bb--6rqC2 ProductTile-module_bl--VrBPG " data-testid="product-container"><section><div><div class="HeaderSection-module_headerSection--0ATl3"><div class="HeaderSection-module_badgesSection--2J8Ry"><span class="styles-module_badge--ptqlS styles-module_haveMore--O2qzU "><span>MAM WIĘCEJ</span></span></div><button aria-label="Dodaj do ulubionych" data-testid="product-add-to-favorites-button" class="HeaderSection-module_favoritesBtn--AtrEF snrs-add-to-fav" data-sku="2098035"><svg class="icon HeaderSection-module_icon--izXrZ " width="22" height="20" viewBox="0 0 22 20" fill="none" xmlns="http://www.w3.org/2000/svg"><path d="M11.0002 19L2.47741 9.85496C1.72993 9.09105 1.23535 8.09895 1.06538 7.02248C0.89541 5.94601 1.05887 4.84111 1.53207 3.86794C1.89665 3.13055 2.42251 2.4928 3.0672 2.00617C3.7119 1.51954 4.45737 1.19766 5.24344 1.06652C6.02951 0.935373 6.83416 0.998637 7.59245 1.2512C8.35073 1.50376 9.04141 1.93855 9.60872 2.52047L11.0002 3.84257L12.3917 2.52047C12.9591 1.93874 13.6498 1.50411 14.408 1.25166C15.1663 0.999207 15.9708 0.935998 16.7569 1.06713C17.5429 1.19827 18.2883 1.52007 18.933 2.00658C19.5777 2.4931 20.1036 3.13069 20.4683 3.86794C20.9412 4.84117 21.1046 5.94601 20.9346 7.02241C20.7646 8.09882 20.2702 9.0909 19.523 9.85496L11.0002 19Z" stroke="currentColor" stroke-width="1.5" stroke-linecap="round" stroke-linejoin="round"></path></svg></button></div></div><div class="ProductTile-module_imageSection--4dy3j"><div class="ImageSection-module_imageSection--JW6B4 ImageSection-module_imageSectionSmall--wtsuO  "><a href="/Produkt/Mydla-w-plynie/Bialy-Jelen-mydlo-w-plynie-nawilzajace-Kozie-Mleko-500-ml,2098035,13108"><img loading="lazy" src="https://pro-fra-s3-productsassets.rossmann.pl/product_7_small/2098035_338_190_1746785033.webp" alt="BIAŁY JELEŃ ,mydło w płynie, nawilżające, Kozie Mleko,kompozycja-2" data-testid="product-image"></a><div class="ImageSection-module_cmpInfoWrapper---gDf+"></div></div></div><div><a href="/Produkt/Mydla-w-plynie/Bialy-Jelen-mydlo-w-plynie-nawilzajace-Kozie-Mleko-500-ml,2098035,13108"><div title="BIAŁY JELEŃ " class="DescriptionSection-module_brand--+Edq7 DescriptionSection-module_brandSmall--J0DP7" data-testid="product-brand"><strong class="DescriptionSection-module_strongSmall--8u2H2">BIAŁY JELEŃ </strong></div><div title="mydło w płynie, nawilżające, Kozie Mleko" class="DescriptionSection-module_caption--t+QTb DescriptionSection-module_captionSmall--ClR1Q" data-testid="product-caption">mydło w płynie, nawilżające, Kozie Mleko</div><div class="DescriptionSection-module_unitSmall--AyjB0" data-testid="product-unit">500 ml</div></a></div></section><div class="ProductTile-module_priceBox--SIN7O"><section class="w-100 flex flex-column justify-content-between"><div><div class="PriceSection-module_priceSection--eIBii"><div class="PriceSection-module_priceContainer--SxUEN"><div class="PriceSection-module_priceBox--X1xEI" data-testid="product-current-price-wrapper"><span class="PriceSection-module_price--I18Do PriceSection-module_priceSmall--UhUP0 PriceSection-module_pricePromotion--4NEgk" data-testid="product-price"><span>6</span><span>,99 zł</span></span></div><span class="PriceSection-module_pricePerUnitSmall--GF40k" data-testid="product-price-per-unit">100 ml = 1,40 zł</span></div><div><button aria-label="Dodaj do koszyka" data-testid="product-add-to-basket-button" class="PriceSection-module_cartBtn--LT628 snrs-add-to-cart" data-sku="2098035" data-name="" data-regular-price="8.79" data-promo-price="6.99" data-omnibus-price="8.79" data-unit-price="100 ml = 1,40 zł" data-link="/Produkt/Mydla-w-plynie/Bialy-Jelen-mydlo-w-plynie-nawilzajace-Kozie-Mleko-500-ml,2098035,13108" data-img-link="https://pro-fra-s3-productsassets.rossmann.pl/product_7_medium/2098035_360_350_1746785037.webp" data-labels="[&quot;MAM WIĘCEJ&quot;]" data-brand="BIAŁY JELEŃ" data-caption="mydło w płynie, nawilżające, Kozie Mleko" data-unit="500 ml"><svg class="ui-icon " stroke-width="1.8" width="16" height="16" viewBox="0 0 24 24" preserveAspectRatio="" fill="none" stroke="currentColor" stroke-linecap="round" stroke-linejoin="round" overflow="visible"><path d="M3.5 9.47656L6.5 3.47656"></path><path d="M20.5 9.47656L17.5 3.47656"></path><path d="M21.5 12.4766H2.5L4.2 20.9836C4.30662 21.4208 4.56062 21.808 4.91924 22.0799C5.27786 22.3518 5.7192 22.4919 6.169 22.4766H17.831C18.2808 22.4919 18.7221 22.3518 19.0808 22.0799C19.4394 21.808 19.6934 21.4208 19.8 20.9836L21.5 12.4766Z"></path><path d="M21.5 9.47656H2.5C1.94772 9.47656 1.5 9.92428 1.5 10.4766V11.4766C1.5 12.0288 1.94772 12.4766 2.5 12.4766H21.5C22.0523 12.4766 22.5 12.0288 22.5 11.4766V10.4766C22.5 9.92428 22.0523 9.47656 21.5 9.47656Z"></path><path d="M12 15.4766V18.9766"></path><path d="M16.5 15.4766L16 18.9766"></path><path d="M7.5 15.4766L8 18.9766"></path></svg></button></div></div><div class="PriceDetailSection-module_section--GiX3L" data-testid="product-omnibus"><div class="tile-product__lowest-price"><div class="LowestPrice-module_text--cofnN LowestPrice-module_textSmall--57oJQ"><span>Najniższa cena: </span><span data-testid="lowest-price-in-30-days" class="LowestPrice-module_price--E4qKq ml-1"><span data-testid="product-price" class="styles-module_strike--3Okb2  styles-module_xxxSmall--DH55z styles-module_price--9IDpJ">8<span class="styles-module_price--9IDpJ">,79</span> <span>zł</span></span></span><button aria-label="Najniższa cena z 30 dni przed obniżką" data-state="closed" class="OmnibusTrigger-module_button--G5UaQ"><svg class="ui-icon " stroke-width="1.2" width="16" height="16" viewBox="0 0 24 24" preserveAspectRatio="" fill="none" stroke="currentColor" stroke-linecap="round" stroke-linejoin="round" overflow="visible"><path d="M12 22C17.5228 22 22 17.5228 22 12C22 6.47714 17.5228 2 12 2C6.47715 2 2 6.47714 2 12C2 17.5228 6.47715 22 12 22Z"></path><path d="M14 17H12.6667C12.4309 17 12.2048 16.8946 12.0381 16.7071C11.8715 16.5196 11.7778 16.2652 11.7778 16V10.5C11.7778 10.3674 11.7309 10.2402 11.6476 10.1465C11.5643 10.0527 11.4512 10 11.3333 10H10"></path><path d="M11.7415 7C11.6034 7 11.4915 6.88807 11.4915 6.75C11.4915 6.61193 11.6034 6.5 11.7415 6.5"></path><path d="M11.7415 7C11.8795 7 11.9915 6.88807 11.9915 6.75C11.9915 6.61193 11.8795 6.5 11.7415 6.5"></path></svg></button></div></div></div></div><div class="AvailabilitySection-module_section--IibdL AvailabilitySection-module_sectionRound--7ZN6d"><div class="AvailabilitySection-module_record--sV0gc"><div class="AvailabilitySection-module_icon--FClji AvailabilitySection-module_iconHigh--A0P1q"><svg class="ui-icon AvailabilitySection-module_iconCheck--68pbU" stroke-width="1.2" width=" 24" height="24" viewBox="0 0 24 24" preserveAspectRatio="" fill="none" stroke="currentColor" stroke-linecap="round" stroke-linejoin="round" overflow="visible"><path d="M12.6667 4.30981L5.97106 13.6431L3.33337 11.0055"></path></svg></div><div class="AvailabilitySection-module_text--zxru7 AvailabilitySection-module_textSmall--n1xcJ">Dostępny online</div></div><div class="AvailabilitySection-module_record--sV0gc"><div class="AvailabilitySection-module_icon--FClji AvailabilitySection-module_iconMedium--KUbf2"><svg class="ui-icon AvailabilitySection-module_iconExclamation--udHHV" stroke-width="1.2" width=" 24" height="24" viewBox="0 0 24 24" preserveAspectRatio="" fill="none" stroke="currentColor" stroke-linecap="round" stroke-linejoin="round" overflow="visible"><path d="M12 13V7" stroke="none"></path><path d="M11.9912 16.005C11.9585 16.0055 11.9262 16.0126 11.8963 16.0257C11.8664 16.0389 11.8394 16.0579 11.8169 16.0817C11.7945 16.1055 11.777 16.1335 11.7655 16.1641C11.7541 16.1947 11.7489 16.2273 11.7502 16.26C11.7525 16.3256 11.7802 16.3878 11.8273 16.4335C11.8745 16.4792 11.9375 16.5048 12.0032 16.505C12.0359 16.5044 12.0681 16.4972 12.0979 16.484C12.1278 16.4708 12.1547 16.4518 12.1772 16.428C12.1996 16.4043 12.2171 16.3763 12.2286 16.3458C12.2401 16.3152 12.2454 16.2826 12.2442 16.25C12.2422 16.1858 12.2159 16.1248 12.1706 16.0793C12.1253 16.0338 12.0644 16.0073 12.0002 16.005H11.9952" stroke="none"></path></svg></div><button class="AvailabilitySection-module_text--zxru7 AvailabilitySection-module_shopText--7jdjN AvailabilitySection-module_textSmall--n1xcJ">Sprawdź dostępność w drogerii</button></div></div></section></div></div></div><div class="swiper-slide ProductSlider-module_slide--q59i6 mb-4" style="margin-right: 16px;"><div class="ProductTile-module_tile--yFwR2 ProductTile-module_small--bAwXa ProductTile-module_round--R0J7y ProductTile-module_bt--7Rs6T ProductTile-module_br--DiNim ProductTile-module_bb--6rqC2 ProductTile-module_bl--VrBPG " data-testid="product-container"><section><div><div class="HeaderSection-module_headerSection--0ATl3"><div class="HeaderSection-module_badgesSection--2J8Ry"><span class="styles-module_badge--ptqlS styles-module_haveMore--O2qzU "><span>MAM WIĘCEJ</span></span></div><button aria-label="Dodaj do ulubionych" data-testid="product-add-to-favorites-button" class="HeaderSection-module_favoritesBtn--AtrEF snrs-add-to-fav" data-sku="2098388"><svg class="icon HeaderSection-module_icon--izXrZ " width="22" height="20" viewBox="0 0 22 20" fill="none" xmlns="http://www.w3.org/2000/svg"><path d="M11.0002 19L2.47741 9.85496C1.72993 9.09105 1.23535 8.09895 1.06538 7.02248C0.89541 5.94601 1.05887 4.84111 1.53207 3.86794C1.89665 3.13055 2.42251 2.4928 3.0672 2.00617C3.7119 1.51954 4.45737 1.19766 5.24344 1.06652C6.02951 0.935373 6.83416 0.998637 7.59245 1.2512C8.35073 1.50376 9.04141 1.93855 9.60872 2.52047L11.0002 3.84257L12.3917 2.52047C12.9591 1.93874 13.6498 1.50411 14.408 1.25166C15.1663 0.999207 15.9708 0.935998 16.7569 1.06713C17.5429 1.19827 18.2883 1.52007 18.933 2.00658C19.5777 2.4931 20.1036 3.13069 20.4683 3.86794C20.9412 4.84117 21.1046 5.94601 20.9346 7.02241C20.7646 8.09882 20.2702 9.0909 19.523 9.85496L11.0002 19Z" stroke="currentColor" stroke-width="1.5" stroke-linecap="round" stroke-linejoin="round"></path></svg></button></div></div><div class="ProductTile-module_imageSection--4dy3j"><div class="ImageSection-module_imageSection--JW6B4 ImageSection-module_imageSectionSmall--wtsuO  "><a href="/Produkt/Zele-i-pianki-pod-prysznic/Bialy-Jelen-zel-pod-prysznic-nawilzajacy-Kozie-Mleko-500-ml,2098388,13102"><img loading="lazy" src="https://pro-fra-s3-productsassets.rossmann.pl/product_7_small/2098388_338_190_1746785409.webp" alt="BIAŁY JELEŃ ,żel pod prysznic, nawilżający, Kozie Mleko,kompozycja-2" data-testid="product-image"></a><div class="ImageSection-module_cmpInfoWrapper---gDf+"></div></div></div><div><a href="/Produkt/Zele-i-pianki-pod-prysznic/Bialy-Jelen-zel-pod-prysznic-nawilzajacy-Kozie-Mleko-500-ml,2098388,13102"><div title="BIAŁY JELEŃ " class="DescriptionSection-module_brand--+Edq7 DescriptionSection-module_brandSmall--J0DP7" data-testid="product-brand"><strong class="DescriptionSection-module_strongSmall--8u2H2">BIAŁY JELEŃ </strong></div><div title="żel pod prysznic, nawilżający, Kozie Mleko" class="DescriptionSection-module_caption--t+QTb DescriptionSection-module_captionSmall--ClR1Q" data-testid="product-caption">żel pod prysznic, nawilżający, Kozie Mleko</div><div class="DescriptionSection-module_unitSmall--AyjB0" data-testid="product-unit">500 ml</div></a></div></section><div class="ProductTile-module_priceBox--SIN7O"><section class="w-100 flex flex-column justify-content-between"><div><div class="PriceSection-module_priceSection--eIBii"><div class="PriceSection-module_priceContainer--SxUEN"><div class="PriceSection-module_priceBox--X1xEI" data-testid="product-current-price-wrapper"><span class="PriceSection-module_price--I18Do PriceSection-module_priceSmall--UhUP0 PriceSection-module_pricePromotion--4NEgk" data-testid="product-price"><span>6</span><span>,39 zł</span></span></div><span class="PriceSection-module_pricePerUnitSmall--GF40k" data-testid="product-price-per-unit">100 ml = 1,28 zł</span></div><div><button aria-label="Dodaj do koszyka" data-testid="product-add-to-basket-button" class="PriceSection-module_cartBtn--LT628 snrs-add-to-cart" data-sku="2098388" data-name="" data-regular-price="7.99" data-promo-price="6.39" data-omnibus-price="7.99" data-unit-price="100 ml = 1,28 zł" data-link="/Produkt/Zele-i-pianki-pod-prysznic/Bialy-Jelen-zel-pod-prysznic-nawilzajacy-Kozie-Mleko-500-ml,2098388,13102" data-img-link="https://pro-fra-s3-productsassets.rossmann.pl/product_7_medium/2098388_360_350_1746785412.webp" data-labels="[&quot;MAM WIĘCEJ&quot;]" data-brand="BIAŁY JELEŃ" data-caption="żel pod prysznic, nawilżający, Kozie Mleko" data-unit="500 ml"><svg class="ui-icon " stroke-width="1.8" width="16" height="16" viewBox="0 0 24 24" preserveAspectRatio="" fill="none" stroke="currentColor" stroke-linecap="round" stroke-linejoin="round" overflow="visible"><path d="M3.5 9.47656L6.5 3.47656"></path><path d="M20.5 9.47656L17.5 3.47656"></path><path d="M21.5 12.4766H2.5L4.2 20.9836C4.30662 21.4208 4.56062 21.808 4.91924 22.0799C5.27786 22.3518 5.7192 22.4919 6.169 22.4766H17.831C18.2808 22.4919 18.7221 22.3518 19.0808 22.0799C19.4394 21.808 19.6934 21.4208 19.8 20.9836L21.5 12.4766Z"></path><path d="M21.5 9.47656H2.5C1.94772 9.47656 1.5 9.92428 1.5 10.4766V11.4766C1.5 12.0288 1.94772 12.4766 2.5 12.4766H21.5C22.0523 12.4766 22.5 12.0288 22.5 11.4766V10.4766C22.5 9.92428 22.0523 9.47656 21.5 9.47656Z"></path><path d="M12 15.4766V18.9766"></path><path d="M16.5 15.4766L16 18.9766"></path><path d="M7.5 15.4766L8 18.9766"></path></svg></button></div></div><div class="PriceDetailSection-module_section--GiX3L" data-testid="product-omnibus"><div class="tile-product__lowest-price"><div class="LowestPrice-module_text--cofnN LowestPrice-module_textSmall--57oJQ"><span>Najniższa cena: </span><span data-testid="lowest-price-in-30-days" class="LowestPrice-module_price--E4qKq ml-1"><span data-testid="product-price" class="styles-module_strike--3Okb2  styles-module_xxxSmall--DH55z styles-module_price--9IDpJ">7<span class="styles-module_price--9IDpJ">,99</span> <span>zł</span></span></span><button aria-label="Najniższa cena z 30 dni przed obniżką" data-state="closed" class="OmnibusTrigger-module_button--G5UaQ"><svg class="ui-icon " stroke-width="1.2" width="16" height="16" viewBox="0 0 24 24" preserveAspectRatio="" fill="none" stroke="currentColor" stroke-linecap="round" stroke-linejoin="round" overflow="visible"><path d="M12 22C17.5228 22 22 17.5228 22 12C22 6.47714 17.5228 2 12 2C6.47715 2 2 6.47714 2 12C2 17.5228 6.47715 22 12 22Z"></path><path d="M14 17H12.6667C12.4309 17 12.2048 16.8946 12.0381 16.7071C11.8715 16.5196 11.7778 16.2652 11.7778 16V10.5C11.7778 10.3674 11.7309 10.2402 11.6476 10.1465C11.5643 10.0527 11.4512 10 11.3333 10H10"></path><path d="M11.7415 7C11.6034 7 11.4915 6.88807 11.4915 6.75C11.4915 6.61193 11.6034 6.5 11.7415 6.5"></path><path d="M11.7415 7C11.8795 7 11.9915 6.88807 11.9915 6.75C11.9915 6.61193 11.8795 6.5 11.7415 6.5"></path></svg></button></div></div></div></div><div class="AvailabilitySection-module_section--IibdL AvailabilitySection-module_sectionRound--7ZN6d"><div class="AvailabilitySection-module_record--sV0gc"><div class="AvailabilitySection-module_icon--FClji AvailabilitySection-module_iconHigh--A0P1q"><svg class="ui-icon AvailabilitySection-module_iconCheck--68pbU" stroke-width="1.2" width=" 24" height="24" viewBox="0 0 24 24" preserveAspectRatio="" fill="none" stroke="currentColor" stroke-linecap="round" stroke-linejoin="round" overflow="visible"><path d="M12.6667 4.30981L5.97106 13.6431L3.33337 11.0055"></path></svg></div><div class="AvailabilitySection-module_text--zxru7 AvailabilitySection-module_textSmall--n1xcJ">Dostępny online</div></div><div class="AvailabilitySection-module_record--sV0gc"><div class="AvailabilitySection-module_icon--FClji AvailabilitySection-module_iconMedium--KUbf2"><svg class="ui-icon AvailabilitySection-module_iconExclamation--udHHV" stroke-width="1.2" width=" 24" height="24" viewBox="0 0 24 24" preserveAspectRatio="" fill="none" stroke="currentColor" stroke-linecap="round" stroke-linejoin="round" overflow="visible"><path d="M12 13V7" stroke="none"></path><path d="M11.9912 16.005C11.9585 16.0055 11.9262 16.0126 11.8963 16.0257C11.8664 16.0389 11.8394 16.0579 11.8169 16.0817C11.7945 16.1055 11.777 16.1335 11.7655 16.1641C11.7541 16.1947 11.7489 16.2273 11.7502 16.26C11.7525 16.3256 11.7802 16.3878 11.8273 16.4335C11.8745 16.4792 11.9375 16.5048 12.0032 16.505C12.0359 16.5044 12.0681 16.4972 12.0979 16.484C12.1278 16.4708 12.1547 16.4518 12.1772 16.428C12.1996 16.4043 12.2171 16.3763 12.2286 16.3458C12.2401 16.3152 12.2454 16.2826 12.2442 16.25C12.2422 16.1858 12.2159 16.1248 12.1706 16.0793C12.1253 16.0338 12.0644 16.0073 12.0002 16.005H11.9952" stroke="none"></path></svg></div><button class="AvailabilitySection-module_text--zxru7 AvailabilitySection-module_shopText--7jdjN AvailabilitySection-module_textSmall--n1xcJ">Sprawdź dostępność w drogerii</button></div></div></section></div></div></div><div class="swiper-slide ProductSlider-module_slide--q59i6 mb-4" style="margin-right: 16px;"><div class="ProductTile-module_tile--yFwR2 ProductTile-module_small--bAwXa ProductTile-module_round--R0J7y ProductTile-module_bt--7Rs6T ProductTile-module_br--DiNim ProductTile-module_bb--6rqC2 ProductTile-module_bl--VrBPG " data-testid="product-container"><section><div><div class="HeaderSection-module_headerSection--0ATl3"><div class="HeaderSection-module_badgesSection--2J8Ry"><span class="styles-module_badge--ptqlS styles-module_haveMore--O2qzU "><span>MAM WIĘCEJ</span></span></div><button aria-label="Dodaj do ulubionych" data-testid="product-add-to-favorites-button" class="HeaderSection-module_favoritesBtn--AtrEF snrs-add-to-fav" data-sku="2098212"><svg class="icon HeaderSection-module_icon--izXrZ " width="22" height="20" viewBox="0 0 22 20" fill="none" xmlns="http://www.w3.org/2000/svg"><path d="M11.0002 19L2.47741 9.85496C1.72993 9.09105 1.23535 8.09895 1.06538 7.02248C0.89541 5.94601 1.05887 4.84111 1.53207 3.86794C1.89665 3.13055 2.42251 2.4928 3.0672 2.00617C3.7119 1.51954 4.45737 1.19766 5.24344 1.06652C6.02951 0.935373 6.83416 0.998637 7.59245 1.2512C8.35073 1.50376 9.04141 1.93855 9.60872 2.52047L11.0002 3.84257L12.3917 2.52047C12.9591 1.93874 13.6498 1.50411 14.408 1.25166C15.1663 0.999207 15.9708 0.935998 16.7569 1.06713C17.5429 1.19827 18.2883 1.52007 18.933 2.00658C19.5777 2.4931 20.1036 3.13069 20.4683 3.86794C20.9412 4.84117 21.1046 5.94601 20.9346 7.02241C20.7646 8.09882 20.2702 9.0909 19.523 9.85496L11.0002 19Z" stroke="currentColor" stroke-width="1.5" stroke-linecap="round" stroke-linejoin="round"></path></svg></button></div></div><div class="ProductTile-module_imageSection--4dy3j"><div class="ImageSection-module_imageSection--JW6B4 ImageSection-module_imageSectionSmall--wtsuO  "><a href="/Produkt/Szampony-i-odzywki/DX2-szampon-do-wlosow-przeciw-siwieniu-ciemnych-wlosow-dla-mezczyzn-180-ml,2098212,13253"><img loading="lazy" src="https://pro-fra-s3-productsassets.rossmann.pl/product_7_small/2098212_338_190_1746785799.webp" alt="DX2 ,szampon do włosów przeciw siwieniu ciemnych włosów, dla mężczyzn,kompozycja-2" data-testid="product-image"></a><div class="ImageSection-module_cmpInfoWrapper---gDf+"></div></div></div><div><a href="/Produkt/Szampony-i-odzywki/DX2-szampon-do-wlosow-przeciw-siwieniu-ciemnych-wlosow-dla-mezczyzn-180-ml,2098212,13253"><div title="DX2 " class="DescriptionSection-module_brand--+Edq7 DescriptionSection-module_brandSmall--J0DP7" data-testid="product-brand"><strong class="DescriptionSection-module_strongSmall--8u2H2">DX2 </strong></div><div title="szampon do włosów przeciw siwieniu ciemnych włosów, dla mężczyzn" class="DescriptionSection-module_caption--t+QTb DescriptionSection-module_captionSmall--ClR1Q" data-testid="product-caption">szampon do włosów przeciw siwieniu ciemnych włosów, dla mężczyzn</div><div class="DescriptionSection-module_unitSmall--AyjB0" data-testid="product-unit">180 ml</div></a></div></section><div class="ProductTile-module_priceBox--SIN7O"><section class="w-100 flex flex-column justify-content-between"><div><div class="PriceSection-module_priceSection--eIBii"><div class="PriceSection-module_priceContainer--SxUEN"><div class="PriceSection-module_priceBox--X1xEI" data-testid="product-current-price-wrapper"><span class="PriceSection-module_price--I18Do PriceSection-module_priceSmall--UhUP0 " data-testid="product-price"><span>29</span><span>,99 zł</span></span></div><span class="PriceSection-module_pricePerUnitSmall--GF40k" data-testid="product-price-per-unit">100 ml = 16,66 zł</span></div><div><button aria-label="Dodaj do koszyka" data-testid="product-add-to-basket-button" class="PriceSection-module_cartBtn--LT628 snrs-add-to-cart" data-sku="2098212" data-name="" data-regular-price="29.99" data-unit-price="100 ml = 16,66 zł" data-link="/Produkt/Szampony-i-odzywki/DX2-szampon-do-wlosow-przeciw-siwieniu-ciemnych-wlosow-dla-mezczyzn-180-ml,2098212,13253" data-img-link="https://pro-fra-s3-productsassets.rossmann.pl/product_7_medium/2098212_360_350_1746785801.webp" data-labels="[&quot;MAM WIĘCEJ&quot;]" data-brand="DX2" data-caption="szampon do włosów przeciw siwieniu ciemnych włosów, dla mężczyzn" data-unit="180 ml"><svg class="ui-icon " stroke-width="1.8" width="16" height="16" viewBox="0 0 24 24" preserveAspectRatio="" fill="none" stroke="currentColor" stroke-linecap="round" stroke-linejoin="round" overflow="visible"><path d="M3.5 9.47656L6.5 3.47656"></path><path d="M20.5 9.47656L17.5 3.47656"></path><path d="M21.5 12.4766H2.5L4.2 20.9836C4.30662 21.4208 4.56062 21.808 4.91924 22.0799C5.27786 22.3518 5.7192 22.4919 6.169 22.4766H17.831C18.2808 22.4919 18.7221 22.3518 19.0808 22.0799C19.4394 21.808 19.6934 21.4208 19.8 20.9836L21.5 12.4766Z"></path><path d="M21.5 9.47656H2.5C1.94772 9.47656 1.5 9.92428 1.5 10.4766V11.4766C1.5 12.0288 1.94772 12.4766 2.5 12.4766H21.5C22.0523 12.4766 22.5 12.0288 22.5 11.4766V10.4766C22.5 9.92428 22.0523 9.47656 21.5 9.47656Z"></path><path d="M12 15.4766V18.9766"></path><path d="M16.5 15.4766L16 18.9766"></path><path d="M7.5 15.4766L8 18.9766"></path></svg></button></div></div></div><div class="AvailabilitySection-module_section--IibdL AvailabilitySection-module_sectionRound--7ZN6d"><div class="AvailabilitySection-module_record--sV0gc"><div class="AvailabilitySection-module_icon--FClji AvailabilitySection-module_iconHigh--A0P1q"><svg class="ui-icon AvailabilitySection-module_iconCheck--68pbU" stroke-width="1.2" width=" 24" height="24" viewBox="0 0 24 24" preserveAspectRatio="" fill="none" stroke="currentColor" stroke-linecap="round" stroke-linejoin="round" overflow="visible"><path d="M12.6667 4.30981L5.97106 13.6431L3.33337 11.0055"></path></svg></div><div class="AvailabilitySection-module_text--zxru7 AvailabilitySection-module_textSmall--n1xcJ">Dostępny online</div></div><div class="AvailabilitySection-module_record--sV0gc"><div class="AvailabilitySection-module_icon--FClji AvailabilitySection-module_iconMedium--KUbf2"><svg class="ui-icon AvailabilitySection-module_iconExclamation--udHHV" stroke-width="1.2" width=" 24" height="24" viewBox="0 0 24 24" preserveAspectRatio="" fill="none" stroke="currentColor" stroke-linecap="round" stroke-linejoin="round" overflow="visible"><path d="M12 13V7" stroke="none"></path><path d="M11.9912 16.005C11.9585 16.0055 11.9262 16.0126 11.8963 16.0257C11.8664 16.0389 11.8394 16.0579 11.8169 16.0817C11.7945 16.1055 11.777 16.1335 11.7655 16.1641C11.7541 16.1947 11.7489 16.2273 11.7502 16.26C11.7525 16.3256 11.7802 16.3878 11.8273 16.4335C11.8745 16.4792 11.9375 16.5048 12.0032 16.505C12.0359 16.5044 12.0681 16.4972 12.0979 16.484C12.1278 16.4708 12.1547 16.4518 12.1772 16.428C12.1996 16.4043 12.2171 16.3763 12.2286 16.3458C12.2401 16.3152 12.2454 16.2826 12.2442 16.25C12.2422 16.1858 12.2159 16.1248 12.1706 16.0793C12.1253 16.0338 12.0644 16.0073 12.0002 16.005H11.9952" stroke="none"></path></svg></div><button class="AvailabilitySection-module_text--zxru7 AvailabilitySection-module_shopText--7jdjN AvailabilitySection-module_textSmall--n1xcJ">Sprawdź dostępność w drogerii</button></div></div></section></div></div></div><div class="swiper-slide ProductSlider-module_slide--q59i6 mb-4" style="margin-right: 16px;"><div class="ProductTile-module_tile--yFwR2 ProductTile-module_small--bAwXa ProductTile-module_round--R0J7y ProductTile-module_bt--7Rs6T ProductTile-module_br--DiNim ProductTile-module_bb--6rqC2 ProductTile-module_bl--VrBPG " data-testid="product-container"><section><div><div class="HeaderSection-module_headerSection--0ATl3"><div class="HeaderSection-module_badgesSection--2J8Ry"><span class="styles-module_badge--ptqlS styles-module_mega--gSaUd "><span>MEGA!</span></span></div><button aria-label="Dodaj do ulubionych" data-testid="product-add-to-favorites-button" class="HeaderSection-module_favoritesBtn--AtrEF snrs-add-to-fav" data-sku="2097703"><svg class="icon HeaderSection-module_icon--izXrZ " width="22" height="20" viewBox="0 0 22 20" fill="none" xmlns="http://www.w3.org/2000/svg"><path d="M11.0002 19L2.47741 9.85496C1.72993 9.09105 1.23535 8.09895 1.06538 7.02248C0.89541 5.94601 1.05887 4.84111 1.53207 3.86794C1.89665 3.13055 2.42251 2.4928 3.0672 2.00617C3.7119 1.51954 4.45737 1.19766 5.24344 1.06652C6.02951 0.935373 6.83416 0.998637 7.59245 1.2512C8.35073 1.50376 9.04141 1.93855 9.60872 2.52047L11.0002 3.84257L12.3917 2.52047C12.9591 1.93874 13.6498 1.50411 14.408 1.25166C15.1663 0.999207 15.9708 0.935998 16.7569 1.06713C17.5429 1.19827 18.2883 1.52007 18.933 2.00658C19.5777 2.4931 20.1036 3.13069 20.4683 3.86794C20.9412 4.84117 21.1046 5.94601 20.9346 7.02241C20.7646 8.09882 20.2702 9.0909 19.523 9.85496L11.0002 19Z" stroke="currentColor" stroke-width="1.5" stroke-linecap="round" stroke-linejoin="round"></path></svg></button></div></div><div class="ProductTile-module_imageSection--4dy3j"><div class="ImageSection-module_imageSection--JW6B4 ImageSection-module_imageSectionSmall--wtsuO  "><a href="/Produkt/Zele-i-plyny-do-higieny-intymnej/AA-Intymna-Help-emulsja-do-higieny-intymnej-kojaca-ochrona-przed-infekcjami-400-ml,2097703,13146"><img loading="lazy" src="https://pro-fra-s3-productsassets.rossmann.pl/product_7_small/2097703_338_190_1746786440.webp" alt="AA Intymna Help,emulsja do higieny intymnej, kojąca, ochrona przed infekcjami,kompozycja-2" data-testid="product-image"></a><div class="ImageSection-module_cmpInfoWrapper---gDf+"></div></div></div><div><a href="/Produkt/Zele-i-plyny-do-higieny-intymnej/AA-Intymna-Help-emulsja-do-higieny-intymnej-kojaca-ochrona-przed-infekcjami-400-ml,2097703,13146"><div title="AA Intymna Help" class="DescriptionSection-module_brand--+Edq7 DescriptionSection-module_brandSmall--J0DP7" data-testid="product-brand"><strong class="DescriptionSection-module_strongSmall--8u2H2">AA Intymna Help</strong></div><div title="emulsja do higieny intymnej, kojąca, ochrona przed infekcjami" class="DescriptionSection-module_caption--t+QTb DescriptionSection-module_captionSmall--ClR1Q" data-testid="product-caption">emulsja do higieny intymnej, kojąca, ochrona przed infekcjami</div><div class="DescriptionSection-module_unitSmall--AyjB0" data-testid="product-unit">400 ml</div></a></div></section><div class="ProductTile-module_priceBox--SIN7O"><section class="w-100 flex flex-column justify-content-between"><div><div class="PriceSection-module_priceSection--eIBii"><div class="PriceSection-module_priceContainer--SxUEN"><div class="PriceSection-module_priceBox--X1xEI" data-testid="product-current-price-wrapper"><span class="PriceSection-module_price--I18Do PriceSection-module_priceSmall--UhUP0 PriceSection-module_pricePromotion--4NEgk" data-testid="product-price"><span>13</span><span>,49 zł</span></span></div><span class="PriceSection-module_pricePerUnitSmall--GF40k" data-testid="product-price-per-unit">100 ml = 3,37 zł</span></div><div><button aria-label="Dodaj do koszyka" data-testid="product-add-to-basket-button" class="PriceSection-module_cartBtn--LT628 snrs-add-to-cart" data-sku="2097703" data-name="Intymna Help" data-regular-price="16.99" data-promo-price="13.49" data-omnibus-price="16.99" data-unit-price="100 ml = 3,37 zł" data-link="/Produkt/Zele-i-plyny-do-higieny-intymnej/AA-Intymna-Help-emulsja-do-higieny-intymnej-kojaca-ochrona-przed-infekcjami-400-ml,2097703,13146" data-img-link="https://pro-fra-s3-productsassets.rossmann.pl/product_7_medium/2097703_360_350_1746786443.webp" data-labels="[&quot;MEGA!&quot;]" data-brand="AA" data-caption="emulsja do higieny intymnej, kojąca, ochrona przed infekcjami" data-unit="400 ml"><svg class="ui-icon " stroke-width="1.8" width="16" height="16" viewBox="0 0 24 24" preserveAspectRatio="" fill="none" stroke="currentColor" stroke-linecap="round" stroke-linejoin="round" overflow="visible"><path d="M3.5 9.47656L6.5 3.47656"></path><path d="M20.5 9.47656L17.5 3.47656"></path><path d="M21.5 12.4766H2.5L4.2 20.9836C4.30662 21.4208 4.56062 21.808 4.91924 22.0799C5.27786 22.3518 5.7192 22.4919 6.169 22.4766H17.831C18.2808 22.4919 18.7221 22.3518 19.0808 22.0799C19.4394 21.808 19.6934 21.4208 19.8 20.9836L21.5 12.4766Z"></path><path d="M21.5 9.47656H2.5C1.94772 9.47656 1.5 9.92428 1.5 10.4766V11.4766C1.5 12.0288 1.94772 12.4766 2.5 12.4766H21.5C22.0523 12.4766 22.5 12.0288 22.5 11.4766V10.4766C22.5 9.92428 22.0523 9.47656 21.5 9.47656Z"></path><path d="M12 15.4766V18.9766"></path><path d="M16.5 15.4766L16 18.9766"></path><path d="M7.5 15.4766L8 18.9766"></path></svg></button></div></div><div class="PriceDetailSection-module_section--GiX3L" data-testid="product-omnibus"><div class="tile-product__lowest-price"><div class="LowestPrice-module_text--cofnN LowestPrice-module_textSmall--57oJQ"><span>Najniższa cena: </span><span data-testid="lowest-price-in-30-days" class="LowestPrice-module_price--E4qKq ml-1"><span data-testid="product-price" class="styles-module_strike--3Okb2  styles-module_xxxSmall--DH55z styles-module_price--9IDpJ">16<span class="styles-module_price--9IDpJ">,99</span> <span>zł</span></span></span><button aria-label="Najniższa cena z 30 dni przed obniżką" data-state="closed" class="OmnibusTrigger-module_button--G5UaQ"><svg class="ui-icon " stroke-width="1.2" width="16" height="16" viewBox="0 0 24 24" preserveAspectRatio="" fill="none" stroke="currentColor" stroke-linecap="round" stroke-linejoin="round" overflow="visible"><path d="M12 22C17.5228 22 22 17.5228 22 12C22 6.47714 17.5228 2 12 2C6.47715 2 2 6.47714 2 12C2 17.5228 6.47715 22 12 22Z"></path><path d="M14 17H12.6667C12.4309 17 12.2048 16.8946 12.0381 16.7071C11.8715 16.5196 11.7778 16.2652 11.7778 16V10.5C11.7778 10.3674 11.7309 10.2402 11.6476 10.1465C11.5643 10.0527 11.4512 10 11.3333 10H10"></path><path d="M11.7415 7C11.6034 7 11.4915 6.88807 11.4915 6.75C11.4915 6.61193 11.6034 6.5 11.7415 6.5"></path><path d="M11.7415 7C11.8795 7 11.9915 6.88807 11.9915 6.75C11.9915 6.61193 11.8795 6.5 11.7415 6.5"></path></svg></button></div></div></div></div><div class="AvailabilitySection-module_section--IibdL AvailabilitySection-module_sectionRound--7ZN6d"><div class="AvailabilitySection-module_record--sV0gc"><div class="AvailabilitySection-module_icon--FClji AvailabilitySection-module_iconHigh--A0P1q"><svg class="ui-icon AvailabilitySection-module_iconCheck--68pbU" stroke-width="1.2" width=" 24" height="24" viewBox="0 0 24 24" preserveAspectRatio="" fill="none" stroke="currentColor" stroke-linecap="round" stroke-linejoin="round" overflow="visible"><path d="M12.6667 4.30981L5.97106 13.6431L3.33337 11.0055"></path></svg></div><div class="AvailabilitySection-module_text--zxru7 AvailabilitySection-module_textSmall--n1xcJ">Dostępny online</div></div><div class="AvailabilitySection-module_record--sV0gc"><div class="AvailabilitySection-module_icon--FClji AvailabilitySection-module_iconMedium--KUbf2"><svg class="ui-icon AvailabilitySection-module_iconExclamation--udHHV" stroke-width="1.2" width=" 24" height="24" viewBox="0 0 24 24" preserveAspectRatio="" fill="none" stroke="currentColor" stroke-linecap="round" stroke-linejoin="round" overflow="visible"><path d="M12 13V7" stroke="none"></path><path d="M11.9912 16.005C11.9585 16.0055 11.9262 16.0126 11.8963 16.0257C11.8664 16.0389 11.8394 16.0579 11.8169 16.0817C11.7945 16.1055 11.777 16.1335 11.7655 16.1641C11.7541 16.1947 11.7489 16.2273 11.7502 16.26C11.7525 16.3256 11.7802 16.3878 11.8273 16.4335C11.8745 16.4792 11.9375 16.5048 12.0032 16.505C12.0359 16.5044 12.0681 16.4972 12.0979 16.484C12.1278 16.4708 12.1547 16.4518 12.1772 16.428C12.1996 16.4043 12.2171 16.3763 12.2286 16.3458C12.2401 16.3152 12.2454 16.2826 12.2442 16.25C12.2422 16.1858 12.2159 16.1248 12.1706 16.0793C12.1253 16.0338 12.0644 16.0073 12.0002 16.005H11.9952" stroke="none"></path></svg></div><button class="AvailabilitySection-module_text--zxru7 AvailabilitySection-module_shopText--7jdjN AvailabilitySection-module_textSmall--n1xcJ">Sprawdź dostępność w drogerii</button></div></div></section></div></div></div><div class="swiper-slide ProductSlider-module_slide--q59i6 mb-4" style="margin-right: 16px;"><div class="ProductTile-module_tile--yFwR2 ProductTile-module_small--bAwXa ProductTile-module_round--R0J7y ProductTile-module_bt--7Rs6T ProductTile-module_br--DiNim ProductTile-module_bb--6rqC2 ProductTile-module_bl--VrBPG " data-testid="product-container"><section><div><div class="HeaderSection-module_headerSection--0ATl3"><div class="HeaderSection-module_badgesSection--2J8Ry"><span class="styles-module_badge--ptqlS styles-module_haveMore--O2qzU "><span>MAM WIĘCEJ</span></span></div><button aria-label="Dodaj do ulubionych" data-testid="product-add-to-favorites-button" class="HeaderSection-module_favoritesBtn--AtrEF snrs-add-to-fav" data-sku="2101263"><svg class="icon HeaderSection-module_icon--izXrZ " width="22" height="20" viewBox="0 0 22 20" fill="none" xmlns="http://www.w3.org/2000/svg"><path d="M11.0002 19L2.47741 9.85496C1.72993 9.09105 1.23535 8.09895 1.06538 7.02248C0.89541 5.94601 1.05887 4.84111 1.53207 3.86794C1.89665 3.13055 2.42251 2.4928 3.0672 2.00617C3.7119 1.51954 4.45737 1.19766 5.24344 1.06652C6.02951 0.935373 6.83416 0.998637 7.59245 1.2512C8.35073 1.50376 9.04141 1.93855 9.60872 2.52047L11.0002 3.84257L12.3917 2.52047C12.9591 1.93874 13.6498 1.50411 14.408 1.25166C15.1663 0.999207 15.9708 0.935998 16.7569 1.06713C17.5429 1.19827 18.2883 1.52007 18.933 2.00658C19.5777 2.4931 20.1036 3.13069 20.4683 3.86794C20.9412 4.84117 21.1046 5.94601 20.9346 7.02241C20.7646 8.09882 20.2702 9.0909 19.523 9.85496L11.0002 19Z" stroke="currentColor" stroke-width="1.5" stroke-linecap="round" stroke-linejoin="round"></path></svg></button></div></div><div class="ProductTile-module_imageSection--4dy3j"><div class="ImageSection-module_imageSection--JW6B4 ImageSection-module_imageSectionSmall--wtsuO  "><a href="/Produkt/Balsamy-i-mleczka-do-ciala/Eveline-Cosmetics-Botanic-Expert-olejek-do-ciala-w-balsamie-ultraodzywczy-350-ml,2101263,13095"><img loading="lazy" src="https://pro-fra-s3-productsassets.rossmann.pl/product_7_small/2101263_338_190_1746783114.webp" alt="EVELINE COSMETICS Botanic Expert ,olejek do ciała, w balsamie, ultraodżywczy,kompozycja-2" data-testid="product-image"></a><div class="ImageSection-module_cmpInfoWrapper---gDf+"></div></div></div><div><a href="/Produkt/Balsamy-i-mleczka-do-ciala/Eveline-Cosmetics-Botanic-Expert-olejek-do-ciala-w-balsamie-ultraodzywczy-350-ml,2101263,13095"><div title="EVELINE COSMETICS Botanic Expert " class="DescriptionSection-module_brand--+Edq7 DescriptionSection-module_brandSmall--J0DP7" data-testid="product-brand"><strong class="DescriptionSection-module_strongSmall--8u2H2">EVELINE COSMETICS Botanic Expert </strong></div><div title="olejek do ciała, w balsamie, ultraodżywczy" class="DescriptionSection-module_caption--t+QTb DescriptionSection-module_captionSmall--ClR1Q" data-testid="product-caption">olejek do ciała, w balsamie, ultraodżywczy</div><div class="DescriptionSection-module_unitSmall--AyjB0" data-testid="product-unit">350 ml</div></a></div></section><div class="ProductTile-module_priceBox--SIN7O"><section class="w-100 flex flex-column justify-content-between"><div><div class="PriceSection-module_priceSection--eIBii"><div class="PriceSection-module_priceContainer--SxUEN"><div class="PriceSection-module_priceBox--X1xEI" data-testid="product-current-price-wrapper"><span class="PriceSection-module_price--I18Do PriceSection-module_priceSmall--UhUP0 " data-testid="product-price"><span>16</span><span>,99 zł</span></span></div><span class="PriceSection-module_pricePerUnitSmall--GF40k" data-testid="product-price-per-unit">100 ml = 4,85 zł</span></div><div><button aria-label="Dodaj do koszyka" data-testid="product-add-to-basket-button" class="PriceSection-module_cartBtn--LT628 snrs-add-to-cart" data-sku="2101263" data-name="Botanic Expert " data-regular-price="16.99" data-unit-price="100 ml = 4,85 zł" data-link="/Produkt/Balsamy-i-mleczka-do-ciala/Eveline-Cosmetics-Botanic-Expert-olejek-do-ciala-w-balsamie-ultraodzywczy-350-ml,2101263,13095" data-img-link="https://pro-fra-s3-productsassets.rossmann.pl/product_7_medium/2101263_360_350_1746783116.webp" data-labels="[&quot;MAM WIĘCEJ&quot;]" data-brand="EVELINE COSMETICS" data-caption="olejek do ciała, w balsamie, ultraodżywczy" data-unit="350 ml"><svg class="ui-icon " stroke-width="1.8" width="16" height="16" viewBox="0 0 24 24" preserveAspectRatio="" fill="none" stroke="currentColor" stroke-linecap="round" stroke-linejoin="round" overflow="visible"><path d="M3.5 9.47656L6.5 3.47656"></path><path d="M20.5 9.47656L17.5 3.47656"></path><path d="M21.5 12.4766H2.5L4.2 20.9836C4.30662 21.4208 4.56062 21.808 4.91924 22.0799C5.27786 22.3518 5.7192 22.4919 6.169 22.4766H17.831C18.2808 22.4919 18.7221 22.3518 19.0808 22.0799C19.4394 21.808 19.6934 21.4208 19.8 20.9836L21.5 12.4766Z"></path><path d="M21.5 9.47656H2.5C1.94772 9.47656 1.5 9.92428 1.5 10.4766V11.4766C1.5 12.0288 1.94772 12.4766 2.5 12.4766H21.5C22.0523 12.4766 22.5 12.0288 22.5 11.4766V10.4766C22.5 9.92428 22.0523 9.47656 21.5 9.47656Z"></path><path d="M12 15.4766V18.9766"></path><path d="M16.5 15.4766L16 18.9766"></path><path d="M7.5 15.4766L8 18.9766"></path></svg></button></div></div></div><div class="AvailabilitySection-module_section--IibdL AvailabilitySection-module_sectionRound--7ZN6d"><div class="AvailabilitySection-module_record--sV0gc"><div class="AvailabilitySection-module_icon--FClji AvailabilitySection-module_iconHigh--A0P1q"><svg class="ui-icon AvailabilitySection-module_iconCheck--68pbU" stroke-width="1.2" width=" 24" height="24" viewBox="0 0 24 24" preserveAspectRatio="" fill="none" stroke="currentColor" stroke-linecap="round" stroke-linejoin="round" overflow="visible"><path d="M12.6667 4.30981L5.97106 13.6431L3.33337 11.0055"></path></svg></div><div class="AvailabilitySection-module_text--zxru7 AvailabilitySection-module_textSmall--n1xcJ">Dostępny online</div></div><div class="AvailabilitySection-module_record--sV0gc"><div class="AvailabilitySection-module_icon--FClji AvailabilitySection-module_iconMedium--KUbf2"><svg class="ui-icon AvailabilitySection-module_iconExclamation--udHHV" stroke-width="1.2" width=" 24" height="24" viewBox="0 0 24 24" preserveAspectRatio="" fill="none" stroke="currentColor" stroke-linecap="round" stroke-linejoin="round" overflow="visible"><path d="M12 13V7" stroke="none"></path><path d="M11.9912 16.005C11.9585 16.0055 11.9262 16.0126 11.8963 16.0257C11.8664 16.0389 11.8394 16.0579 11.8169 16.0817C11.7945 16.1055 11.777 16.1335 11.7655 16.1641C11.7541 16.1947 11.7489 16.2273 11.7502 16.26C11.7525 16.3256 11.7802 16.3878 11.8273 16.4335C11.8745 16.4792 11.9375 16.5048 12.0032 16.505C12.0359 16.5044 12.0681 16.4972 12.0979 16.484C12.1278 16.4708 12.1547 16.4518 12.1772 16.428C12.1996 16.4043 12.2171 16.3763 12.2286 16.3458C12.2401 16.3152 12.2454 16.2826 12.2442 16.25C12.2422 16.1858 12.2159 16.1248 12.1706 16.0793C12.1253 16.0338 12.0644 16.0073 12.0002 16.005H11.9952" stroke="none"></path></svg></div><button class="AvailabilitySection-module_text--zxru7 AvailabilitySection-module_shopText--7jdjN AvailabilitySection-module_textSmall--n1xcJ">Sprawdź dostępność w drogerii</button></div></div></section></div></div></div><div class="swiper-slide ProductSlider-module_slide--q59i6 mb-4" style="margin-right: 16px;"><div class="ProductTile-module_tile--yFwR2 ProductTile-module_small--bAwXa ProductTile-module_round--R0J7y ProductTile-module_bt--7Rs6T ProductTile-module_br--DiNim ProductTile-module_bb--6rqC2 ProductTile-module_bl--VrBPG " data-testid="product-container"><section><div><div class="HeaderSection-module_headerSection--0ATl3"><div class="HeaderSection-module_badgesSection--2J8Ry"><span class="styles-module_badge--ptqlS styles-module_haveMore--O2qzU "><span>MAM WIĘCEJ</span></span></div><button aria-label="Dodaj do ulubionych" data-testid="product-add-to-favorites-button" class="HeaderSection-module_favoritesBtn--AtrEF snrs-add-to-fav" data-sku="2099410"><svg class="icon HeaderSection-module_icon--izXrZ " width="22" height="20" viewBox="0 0 22 20" fill="none" xmlns="http://www.w3.org/2000/svg"><path d="M11.0002 19L2.47741 9.85496C1.72993 9.09105 1.23535 8.09895 1.06538 7.02248C0.89541 5.94601 1.05887 4.84111 1.53207 3.86794C1.89665 3.13055 2.42251 2.4928 3.0672 2.00617C3.7119 1.51954 4.45737 1.19766 5.24344 1.06652C6.02951 0.935373 6.83416 0.998637 7.59245 1.2512C8.35073 1.50376 9.04141 1.93855 9.60872 2.52047L11.0002 3.84257L12.3917 2.52047C12.9591 1.93874 13.6498 1.50411 14.408 1.25166C15.1663 0.999207 15.9708 0.935998 16.7569 1.06713C17.5429 1.19827 18.2883 1.52007 18.933 2.00658C19.5777 2.4931 20.1036 3.13069 20.4683 3.86794C20.9412 4.84117 21.1046 5.94601 20.9346 7.02241C20.7646 8.09882 20.2702 9.0909 19.523 9.85496L11.0002 19Z" stroke="currentColor" stroke-width="1.5" stroke-linecap="round" stroke-linejoin="round"></path></svg></button></div></div><div class="ProductTile-module_imageSection--4dy3j"><div class="ImageSection-module_imageSection--JW6B4 ImageSection-module_imageSectionSmall--wtsuO  "><a href="/Produkt/Rozjasniacze-do-wlosow/Joanna-Ultra-Color-Blond-rozjasniacz-do-wlosow-odzywka-do-wlosow-niwelujaca-zolte-tony-1-szt,2099410,13200"><img loading="lazy" src="https://pro-fra-s3-productsassets.rossmann.pl/product_7_small/2099410_338_190_1746786203.webp" alt="JOANNA Ultra Color Blond,rozjaśniacz do włosów + odżywka do włosów niwelująca żółte tony,kompozycja-2" data-testid="product-image"></a><div class="ImageSection-module_cmpInfoWrapper---gDf+"></div></div></div><div><a href="/Produkt/Rozjasniacze-do-wlosow/Joanna-Ultra-Color-Blond-rozjasniacz-do-wlosow-odzywka-do-wlosow-niwelujaca-zolte-tony-1-szt,2099410,13200"><div title="JOANNA Ultra Color Blond" class="DescriptionSection-module_brand--+Edq7 DescriptionSection-module_brandSmall--J0DP7" data-testid="product-brand"><strong class="DescriptionSection-module_strongSmall--8u2H2">JOANNA Ultra Color Blond</strong></div><div title="rozjaśniacz do włosów + odżywka do włosów niwelująca żółte tony" class="DescriptionSection-module_caption--t+QTb DescriptionSection-module_captionSmall--ClR1Q" data-testid="product-caption">rozjaśniacz do włosów + odżywka do włosów niwelująca żółte tony</div><div class="DescriptionSection-module_unitSmall--AyjB0" data-testid="product-unit">1 szt.</div></a></div></section><div class="ProductTile-module_priceBox--SIN7O"><section class="w-100 flex flex-column justify-content-between"><div><div class="PriceSection-module_priceSection--eIBii"><div class="PriceSection-module_priceContainer--SxUEN"><div class="PriceSection-module_priceBox--X1xEI" data-testid="product-current-price-wrapper"><span class="PriceSection-module_price--I18Do PriceSection-module_priceSmall--UhUP0 " data-testid="product-price"><span>14</span><span>,99 zł</span></span></div><span class="PriceSection-module_pricePerUnitSmall--GF40k" data-testid="product-price-per-unit">1 szt. = 14,99 zł</span></div><div><button aria-label="Dodaj do koszyka" data-testid="product-add-to-basket-button" class="PriceSection-module_cartBtn--LT628 snrs-add-to-cart" data-sku="2099410" data-name="Ultra Color Blond" data-regular-price="14.99" data-unit-price="1 szt. = 14,99 zł" data-link="/Produkt/Rozjasniacze-do-wlosow/Joanna-Ultra-Color-Blond-rozjasniacz-do-wlosow-odzywka-do-wlosow-niwelujaca-zolte-tony-1-szt,2099410,13200" data-img-link="https://pro-fra-s3-productsassets.rossmann.pl/product_7_medium/2099410_360_350_1746786207.webp" data-labels="[&quot;MAM WIĘCEJ&quot;]" data-brand="JOANNA" data-caption="rozjaśniacz do włosów + odżywka do włosów niwelująca żółte tony" data-unit="1 szt."><svg class="ui-icon " stroke-width="1.8" width="16" height="16" viewBox="0 0 24 24" preserveAspectRatio="" fill="none" stroke="currentColor" stroke-linecap="round" stroke-linejoin="round" overflow="visible"><path d="M3.5 9.47656L6.5 3.47656"></path><path d="M20.5 9.47656L17.5 3.47656"></path><path d="M21.5 12.4766H2.5L4.2 20.9836C4.30662 21.4208 4.56062 21.808 4.91924 22.0799C5.27786 22.3518 5.7192 22.4919 6.169 22.4766H17.831C18.2808 22.4919 18.7221 22.3518 19.0808 22.0799C19.4394 21.808 19.6934 21.4208 19.8 20.9836L21.5 12.4766Z"></path><path d="M21.5 9.47656H2.5C1.94772 9.47656 1.5 9.92428 1.5 10.4766V11.4766C1.5 12.0288 1.94772 12.4766 2.5 12.4766H21.5C22.0523 12.4766 22.5 12.0288 22.5 11.4766V10.4766C22.5 9.92428 22.0523 9.47656 21.5 9.47656Z"></path><path d="M12 15.4766V18.9766"></path><path d="M16.5 15.4766L16 18.9766"></path><path d="M7.5 15.4766L8 18.9766"></path></svg></button></div></div></div><div class="AvailabilitySection-module_section--IibdL AvailabilitySection-module_sectionRound--7ZN6d"><div class="AvailabilitySection-module_record--sV0gc"><div class="AvailabilitySection-module_icon--FClji AvailabilitySection-module_iconHigh--A0P1q"><svg class="ui-icon AvailabilitySection-module_iconCheck--68pbU" stroke-width="1.2" width=" 24" height="24" viewBox="0 0 24 24" preserveAspectRatio="" fill="none" stroke="currentColor" stroke-linecap="round" stroke-linejoin="round" overflow="visible"><path d="M12.6667 4.30981L5.97106 13.6431L3.33337 11.0055"></path></svg></div><div class="AvailabilitySection-module_text--zxru7 AvailabilitySection-module_textSmall--n1xcJ">Dostępny online</div></div><div class="AvailabilitySection-module_record--sV0gc"><div class="AvailabilitySection-module_icon--FClji AvailabilitySection-module_iconMedium--KUbf2"><svg class="ui-icon AvailabilitySection-module_iconExclamation--udHHV" stroke-width="1.2" width=" 24" height="24" viewBox="0 0 24 24" preserveAspectRatio="" fill="none" stroke="currentColor" stroke-linecap="round" stroke-linejoin="round" overflow="visible"><path d="M12 13V7" stroke="none"></path><path d="M11.9912 16.005C11.9585 16.0055 11.9262 16.0126 11.8963 16.0257C11.8664 16.0389 11.8394 16.0579 11.8169 16.0817C11.7945 16.1055 11.777 16.1335 11.7655 16.1641C11.7541 16.1947 11.7489 16.2273 11.7502 16.26C11.7525 16.3256 11.7802 16.3878 11.8273 16.4335C11.8745 16.4792 11.9375 16.5048 12.0032 16.505C12.0359 16.5044 12.0681 16.4972 12.0979 16.484C12.1278 16.4708 12.1547 16.4518 12.1772 16.428C12.1996 16.4043 12.2171 16.3763 12.2286 16.3458C12.2401 16.3152 12.2454 16.2826 12.2442 16.25C12.2422 16.1858 12.2159 16.1248 12.1706 16.0793C12.1253 16.0338 12.0644 16.0073 12.0002 16.005H11.9952" stroke="none"></path></svg></div><button class="AvailabilitySection-module_text--zxru7 AvailabilitySection-module_shopText--7jdjN AvailabilitySection-module_textSmall--n1xcJ">Sprawdź dostępność w drogerii</button></div></div></section></div></div></div></div></div><section class="hidden flex:md place-self-end mb-1 mr-3 g-3 SwiperNavigation-module_navigation--vkoIZ  g-3"><button class="SwiperNavigation-module_button--GUJNY Button-module_button--6GOIQ Button-module_large--xQ8J+ Button-module_icon--MEzGO Button-module_secondary--KXMX3 swiper-button-disabled" id="prev_62bdbf8e-17ee-4a1f-a64b-ba7e76da4df5" aria-label="Poprzedni slajd" disabled=""><svg class="ui-icon " stroke-width="1.2" width=" 24" height="24" viewBox="0 0 24 24" preserveAspectRatio="" fill="none" stroke="currentColor" stroke-linecap="round" stroke-linejoin="round" overflow="visible"><path d="M4 12H20M4 12C4 11.8968 4.02268 11.7941 4.06652 11.7C4.11037 11.606 4.17438 11.5221 4.25431 11.4538L13 4M4 12C4 12.1032 4.02268 12.2045 4.06652 12.2985C4.11037 12.3925 4.17438 12.4765 4.25431 12.5447L13 20"></path></svg></button><button class="SwiperNavigation-module_button--GUJNY Button-module_button--6GOIQ Button-module_large--xQ8J+ Button-module_icon--MEzGO Button-module_secondary--KXMX3" id="next_62bdbf8e-17ee-4a1f-a64b-ba7e76da4df5" aria-label="Następny slajd"><svg class="ui-icon " stroke-width="1.2" width=" 24" height="24" viewBox="0 0 24 24" preserveAspectRatio="" fill="none" stroke="currentColor" stroke-linecap="round" stroke-linejoin="round" overflow="visible"><path d="M20 12L4 12M20 12C20 12.1032 19.9773 12.2059 19.9335 12.3C19.8896 12.394 19.8256 12.4779 19.7457 12.5462L11 20M20 12C20 11.8968 19.9773 11.7955 19.9335 11.7015C19.8896 11.6075 19.8256 11.5235 19.7457 11.4553L11 4"></path></svg></button></section></div></section></section>

Sekcja 8 (analogicznie do Sekcji 2):
<section class="layout-2024 py-3 py-6:lg overflow-hidden HvisStyles-module_containerHvisMode--hRo5h" style="background: linear-gradient(to bottom right, var(--beige-0), var(--beige-0));"><section class="relative Container-module_container--NRjJ9"><section class="flex flex-column g-2 text-medium:md hidden:lg mb-3"><div class="flex content-end items-baseline items-start:md g-2"><a class="p-0 flex-fill m-0 Button-module_button--6GOIQ px-0" href="https://www.rossmann.pl/kategoria/kolekcje-limitowane/czas-wolny,20587"><h2 class="text-medium lead-small:md lead-medium:lg strong flex-fill m-0">Skompletuj swój zestaw fitness</h2></a><a class="nowrap Button-module_button--6GOIQ px-0" href="https://www.rossmann.pl/kategoria/kolekcje-limitowane/czas-wolny,20587">Przeglądam<svg class="ui-icon " stroke-width="1.2" width=" 24" height="24" viewBox="0 0 24 24" preserveAspectRatio="" fill="none" stroke="currentColor" stroke-linecap="round" stroke-linejoin="round" overflow="visible"><path d="M9 18L14.9208 12.1951C14.9457 12.1707 14.9657 12.1406 14.9793 12.107C14.9929 12.0733 15 12.0369 15 12C15 11.9631 14.9929 11.9267 14.9793 11.893C14.9657 11.8594 14.9457 11.8293 14.9208 11.8049L9 6"></path></svg></a></div><a href="https://www.rossmann.pl/kategoria/kolekcje-limitowane/czas-wolny,20587">Artykuły na trening, do jogi i medytacji</a></section><div class="ui-row"><div class="column-4:md mb-n10 mb-0:md relative"><a href="https://www.rossmann.pl/kategoria/kolekcje-limitowane/czas-wolny,20587"><picture class="rounded:md overflow-hidden block aspect-6by7 aspect-16by25:md mx-n3 mx-0:md"><source media="(max-width: 720px)" srcset="https://pro-fra-s3-dashboards.rossmann.pl/b42ce2de-6d39-4eb1-a56f-cd0e7242edb2.jpg"><img alt="Baner z kobietą w stroju sportowym, siedzącą na macie do jogi obok bidonu." loading="lazy" src="https://pro-fra-s3-dashboards.rossmann.pl/453289da-a61d-46bd-9544-5fef8d400cc1.jpg" fetchpriority="auto"></picture></a></div><div class="column-8:md mt-n10 mt-0:md"><section class="flex flex-column g-2 text-medium:md hidden flex:lg mb-4"><div class="flex content-end items-baseline items-start:md g-2"><a class="p-0 flex-fill m-0 Button-module_button--6GOIQ px-0" href="https://www.rossmann.pl/kategoria/kolekcje-limitowane/czas-wolny,20587"><h2 class="text-medium lead-small:md lead-medium:lg strong flex-fill m-0">Skompletuj swój zestaw fitness</h2></a><a class="nowrap Button-module_button--6GOIQ px-0" href="https://www.rossmann.pl/kategoria/kolekcje-limitowane/czas-wolny,20587">Przeglądam<svg class="ui-icon " stroke-width="1.2" width=" 24" height="24" viewBox="0 0 24 24" preserveAspectRatio="" fill="none" stroke="currentColor" stroke-linecap="round" stroke-linejoin="round" overflow="visible"><path d="M9 18L14.9208 12.1951C14.9457 12.1707 14.9657 12.1406 14.9793 12.107C14.9929 12.0733 15 12.0369 15 12C15 11.9631 14.9929 11.9267 14.9793 11.893C14.9657 11.8594 14.9457 11.8293 14.9208 11.8049L9 6"></path></svg></a></div><a href="https://www.rossmann.pl/kategoria/kolekcje-limitowane/czas-wolny,20587">Artykuły na trening, do jogi i medytacji</a></section><div class="flex flex-column"><div class="swiper swiper-initialized swiper-horizontal pl-3 pr-4 pr-3:md mx-n3"><div class="swiper-wrapper" style="transform: translate3d(0px, 0px, 0px);"><div class="swiper-slide swiper-slide-active ProductSlider-module_slideWithImage--jP2ra mb-4" style="margin-right: 16px;"><div class="ProductTile-module_tile--yFwR2 ProductTile-module_small--bAwXa ProductTile-module_round--R0J7y ProductTile-module_bt--7Rs6T ProductTile-module_br--DiNim ProductTile-module_bb--6rqC2 ProductTile-module_bl--VrBPG " data-testid="product-container"><section><div><div class="HeaderSection-module_headerSection--0ATl3"><div class="HeaderSection-module_badgesSection--2J8Ry"><span class="styles-module_badge--ptqlS styles-module_rossmann--AbYWx "><span>TYLKO U NAS</span></span></div><button aria-label="Dodaj do ulubionych" data-testid="product-add-to-favorites-button" class="HeaderSection-module_favoritesBtn--AtrEF snrs-add-to-fav" data-sku="2095234"><svg class="icon HeaderSection-module_icon--izXrZ " width="22" height="20" viewBox="0 0 22 20" fill="none" xmlns="http://www.w3.org/2000/svg"><path d="M11.0002 19L2.47741 9.85496C1.72993 9.09105 1.23535 8.09895 1.06538 7.02248C0.89541 5.94601 1.05887 4.84111 1.53207 3.86794C1.89665 3.13055 2.42251 2.4928 3.0672 2.00617C3.7119 1.51954 4.45737 1.19766 5.24344 1.06652C6.02951 0.935373 6.83416 0.998637 7.59245 1.2512C8.35073 1.50376 9.04141 1.93855 9.60872 2.52047L11.0002 3.84257L12.3917 2.52047C12.9591 1.93874 13.6498 1.50411 14.408 1.25166C15.1663 0.999207 15.9708 0.935998 16.7569 1.06713C17.5429 1.19827 18.2883 1.52007 18.933 2.00658C19.5777 2.4931 20.1036 3.13069 20.4683 3.86794C20.9412 4.84117 21.1046 5.94601 20.9346 7.02241C20.7646 8.09882 20.2702 9.0909 19.523 9.85496L11.0002 19Z" stroke="currentColor" stroke-width="1.5" stroke-linecap="round" stroke-linejoin="round"></path></svg></button></div></div><div class="ProductTile-module_imageSection--4dy3j"><div class="ImageSection-module_imageSection--JW6B4 ImageSection-module_imageSectionSmall--wtsuO  "><a href="/Produkt/Bielizna/Ideenwelt-biustonosz-sportowy-Khaki-rozm-M-1-szt,2095234,19269"><img loading="lazy" src="https://pro-fra-s3-productsassets.rossmann.pl/product_1_small/2095234_338_190_1754570060.webp" alt="IDEENWELT ,biustonosz sportowy, Khaki, rozm. M,przód" data-testid="product-image"></a><div class="ImageSection-module_cmpInfoWrapper---gDf+"></div></div></div><div><a href="/Produkt/Bielizna/Ideenwelt-biustonosz-sportowy-Khaki-rozm-M-1-szt,2095234,19269"><div title="IDEENWELT " class="DescriptionSection-module_brand--+Edq7 DescriptionSection-module_brandSmall--J0DP7" data-testid="product-brand"><strong class="DescriptionSection-module_strongSmall--8u2H2">IDEENWELT </strong></div><div title="biustonosz sportowy, Khaki, rozm. M" class="DescriptionSection-module_caption--t+QTb DescriptionSection-module_captionSmall--ClR1Q" data-testid="product-caption">biustonosz sportowy, Khaki, rozm. M</div><div class="DescriptionSection-module_unitSmall--AyjB0" data-testid="product-unit">1 szt.</div></a></div></section><div class="ProductTile-module_priceBox--SIN7O"><section class="w-100 flex flex-column justify-content-between"><div><div class="PriceSection-module_priceSection--eIBii"><div class="PriceSection-module_priceContainer--SxUEN"><div class="PriceSection-module_priceBox--X1xEI" data-testid="product-current-price-wrapper"><span class="PriceSection-module_price--I18Do PriceSection-module_priceSmall--UhUP0 PriceSection-module_pricePromotion--4NEgk" data-testid="product-price"><span>49</span><span>,99 zł</span></span></div><span class="PriceSection-module_pricePerUnitSmall--GF40k" data-testid="product-price-per-unit">1 szt. = 49,99 zł</span></div><div><button aria-label="Dodaj do koszyka" data-testid="product-add-to-basket-button" class="PriceSection-module_cartBtn--LT628 snrs-add-to-cart" data-sku="2095234" data-name="" data-regular-price="59.99" data-promo-price="49.99" data-omnibus-price="59.99" data-unit-price="1 szt. = 49,99 zł" data-link="/Produkt/Bielizna/Ideenwelt-biustonosz-sportowy-Khaki-rozm-M-1-szt,2095234,19269" data-img-link="https://pro-fra-s3-productsassets.rossmann.pl/product_1_medium/2095234_360_350_1754570062.webp" data-labels="[&quot;TYLKO U NAS&quot;]" data-brand="IDEENWELT" data-caption="biustonosz sportowy, Khaki, rozm. M" data-unit="1 szt."><svg class="ui-icon " stroke-width="1.8" width="16" height="16" viewBox="0 0 24 24" preserveAspectRatio="" fill="none" stroke="currentColor" stroke-linecap="round" stroke-linejoin="round" overflow="visible"><path d="M3.5 9.47656L6.5 3.47656"></path><path d="M20.5 9.47656L17.5 3.47656"></path><path d="M21.5 12.4766H2.5L4.2 20.9836C4.30662 21.4208 4.56062 21.808 4.91924 22.0799C5.27786 22.3518 5.7192 22.4919 6.169 22.4766H17.831C18.2808 22.4919 18.7221 22.3518 19.0808 22.0799C19.4394 21.808 19.6934 21.4208 19.8 20.9836L21.5 12.4766Z"></path><path d="M21.5 9.47656H2.5C1.94772 9.47656 1.5 9.92428 1.5 10.4766V11.4766C1.5 12.0288 1.94772 12.4766 2.5 12.4766H21.5C22.0523 12.4766 22.5 12.0288 22.5 11.4766V10.4766C22.5 9.92428 22.0523 9.47656 21.5 9.47656Z"></path><path d="M12 15.4766V18.9766"></path><path d="M16.5 15.4766L16 18.9766"></path><path d="M7.5 15.4766L8 18.9766"></path></svg></button></div></div><div class="PriceDetailSection-module_section--GiX3L" data-testid="product-omnibus"><div class="tile-product__lowest-price"><div class="LowestPrice-module_text--cofnN LowestPrice-module_textSmall--57oJQ"><span>Najniższa cena: </span><span data-testid="lowest-price-in-30-days" class="LowestPrice-module_price--E4qKq ml-1"><span data-testid="product-price" class="styles-module_strike--3Okb2  styles-module_xxxSmall--DH55z styles-module_price--9IDpJ">59<span class="styles-module_price--9IDpJ">,99</span> <span>zł</span></span></span><button aria-label="Najniższa cena od wprowadzenia" data-state="closed" class="OmnibusTrigger-module_button--G5UaQ"><svg class="ui-icon " stroke-width="1.2" width="16" height="16" viewBox="0 0 24 24" preserveAspectRatio="" fill="none" stroke="currentColor" stroke-linecap="round" stroke-linejoin="round" overflow="visible"><path d="M12 22C17.5228 22 22 17.5228 22 12C22 6.47714 17.5228 2 12 2C6.47715 2 2 6.47714 2 12C2 17.5228 6.47715 22 12 22Z"></path><path d="M14 17H12.6667C12.4309 17 12.2048 16.8946 12.0381 16.7071C11.8715 16.5196 11.7778 16.2652 11.7778 16V10.5C11.7778 10.3674 11.7309 10.2402 11.6476 10.1465C11.5643 10.0527 11.4512 10 11.3333 10H10"></path><path d="M11.7415 7C11.6034 7 11.4915 6.88807 11.4915 6.75C11.4915 6.61193 11.6034 6.5 11.7415 6.5"></path><path d="M11.7415 7C11.8795 7 11.9915 6.88807 11.9915 6.75C11.9915 6.61193 11.8795 6.5 11.7415 6.5"></path></svg></button></div></div></div></div><div class="AvailabilitySection-module_section--IibdL AvailabilitySection-module_sectionRound--7ZN6d"><div class="AvailabilitySection-module_record--sV0gc"><div class="AvailabilitySection-module_icon--FClji AvailabilitySection-module_iconHigh--A0P1q"><svg class="ui-icon AvailabilitySection-module_iconCheck--68pbU" stroke-width="1.2" width=" 24" height="24" viewBox="0 0 24 24" preserveAspectRatio="" fill="none" stroke="currentColor" stroke-linecap="round" stroke-linejoin="round" overflow="visible"><path d="M12.6667 4.30981L5.97106 13.6431L3.33337 11.0055"></path></svg></div><div class="AvailabilitySection-module_text--zxru7 AvailabilitySection-module_textSmall--n1xcJ">Dostępny online</div></div><div class="AvailabilitySection-module_record--sV0gc"><div class="AvailabilitySection-module_icon--FClji AvailabilitySection-module_iconMedium--KUbf2"><svg class="ui-icon AvailabilitySection-module_iconExclamation--udHHV" stroke-width="1.2" width=" 24" height="24" viewBox="0 0 24 24" preserveAspectRatio="" fill="none" stroke="currentColor" stroke-linecap="round" stroke-linejoin="round" overflow="visible"><path d="M12 13V7" stroke="none"></path><path d="M11.9912 16.005C11.9585 16.0055 11.9262 16.0126 11.8963 16.0257C11.8664 16.0389 11.8394 16.0579 11.8169 16.0817C11.7945 16.1055 11.777 16.1335 11.7655 16.1641C11.7541 16.1947 11.7489 16.2273 11.7502 16.26C11.7525 16.3256 11.7802 16.3878 11.8273 16.4335C11.8745 16.4792 11.9375 16.5048 12.0032 16.505C12.0359 16.5044 12.0681 16.4972 12.0979 16.484C12.1278 16.4708 12.1547 16.4518 12.1772 16.428C12.1996 16.4043 12.2171 16.3763 12.2286 16.3458C12.2401 16.3152 12.2454 16.2826 12.2442 16.25C12.2422 16.1858 12.2159 16.1248 12.1706 16.0793C12.1253 16.0338 12.0644 16.0073 12.0002 16.005H11.9952" stroke="none"></path></svg></div><button class="AvailabilitySection-module_text--zxru7 AvailabilitySection-module_shopText--7jdjN AvailabilitySection-module_textSmall--n1xcJ">Sprawdź dostępność w drogerii</button></div></div></section></div></div></div><div class="swiper-slide swiper-slide-next ProductSlider-module_slideWithImage--jP2ra mb-4" style="margin-right: 16px;"><div class="ProductTile-module_tile--yFwR2 ProductTile-module_small--bAwXa ProductTile-module_round--R0J7y ProductTile-module_bt--7Rs6T ProductTile-module_br--DiNim ProductTile-module_bb--6rqC2 ProductTile-module_bl--VrBPG " data-testid="product-container"><section><div><div class="HeaderSection-module_headerSection--0ATl3"><div class="HeaderSection-module_badgesSection--2J8Ry"><span class="styles-module_badge--ptqlS styles-module_rossmann--AbYWx "><span>TYLKO U NAS</span></span></div><button aria-label="Dodaj do ulubionych" data-testid="product-add-to-favorites-button" class="HeaderSection-module_favoritesBtn--AtrEF snrs-add-to-fav" data-sku="2095237"><svg class="icon HeaderSection-module_icon--izXrZ " width="22" height="20" viewBox="0 0 22 20" fill="none" xmlns="http://www.w3.org/2000/svg"><path d="M11.0002 19L2.47741 9.85496C1.72993 9.09105 1.23535 8.09895 1.06538 7.02248C0.89541 5.94601 1.05887 4.84111 1.53207 3.86794C1.89665 3.13055 2.42251 2.4928 3.0672 2.00617C3.7119 1.51954 4.45737 1.19766 5.24344 1.06652C6.02951 0.935373 6.83416 0.998637 7.59245 1.2512C8.35073 1.50376 9.04141 1.93855 9.60872 2.52047L11.0002 3.84257L12.3917 2.52047C12.9591 1.93874 13.6498 1.50411 14.408 1.25166C15.1663 0.999207 15.9708 0.935998 16.7569 1.06713C17.5429 1.19827 18.2883 1.52007 18.933 2.00658C19.5777 2.4931 20.1036 3.13069 20.4683 3.86794C20.9412 4.84117 21.1046 5.94601 20.9346 7.02241C20.7646 8.09882 20.2702 9.0909 19.523 9.85496L11.0002 19Z" stroke="currentColor" stroke-width="1.5" stroke-linecap="round" stroke-linejoin="round"></path></svg></button></div></div><div class="ProductTile-module_imageSection--4dy3j"><div class="ImageSection-module_imageSection--JW6B4 ImageSection-module_imageSectionSmall--wtsuO  "><a href="/Produkt/Ubrania/Ideenwelt-legginsy-sportowe-Khaki-rozm-M-1-szt,2095237,19268"><img loading="lazy" src="https://pro-fra-s3-productsassets.rossmann.pl/product_1_small/2095237_338_190_1751623485.webp" alt="IDEENWELT ,legginsy sportowe, Khaki, rozm. M,przód" data-testid="product-image"></a><div class="ImageSection-module_cmpInfoWrapper---gDf+"></div></div></div><div><a href="/Produkt/Ubrania/Ideenwelt-legginsy-sportowe-Khaki-rozm-M-1-szt,2095237,19268"><div title="IDEENWELT " class="DescriptionSection-module_brand--+Edq7 DescriptionSection-module_brandSmall--J0DP7" data-testid="product-brand"><strong class="DescriptionSection-module_strongSmall--8u2H2">IDEENWELT </strong></div><div title="legginsy sportowe, Khaki, rozm. M" class="DescriptionSection-module_caption--t+QTb DescriptionSection-module_captionSmall--ClR1Q" data-testid="product-caption">legginsy sportowe, Khaki, rozm. M</div><div class="DescriptionSection-module_unitSmall--AyjB0" data-testid="product-unit">1 szt.</div></a></div></section><div class="ProductTile-module_priceBox--SIN7O"><section class="w-100 flex flex-column justify-content-between"><div><div class="PriceSection-module_priceSection--eIBii"><div class="PriceSection-module_priceContainer--SxUEN"><div class="PriceSection-module_priceBox--X1xEI" data-testid="product-current-price-wrapper"><span class="PriceSection-module_price--I18Do PriceSection-module_priceSmall--UhUP0 PriceSection-module_pricePromotion--4NEgk" data-testid="product-price"><span>69</span><span>,99 zł</span></span></div><span class="PriceSection-module_pricePerUnitSmall--GF40k" data-testid="product-price-per-unit">1 szt. = 69,99 zł</span></div><div><button aria-label="Dodaj do koszyka" data-testid="product-add-to-basket-button" class="PriceSection-module_cartBtn--LT628 snrs-add-to-cart" data-sku="2095237" data-name="" data-regular-price="79.99" data-promo-price="69.99" data-omnibus-price="79.99" data-unit-price="1 szt. = 69,99 zł" data-link="/Produkt/Ubrania/Ideenwelt-legginsy-sportowe-Khaki-rozm-M-1-szt,2095237,19268" data-img-link="https://pro-fra-s3-productsassets.rossmann.pl/product_1_medium/2095237_360_350_1751623489.webp" data-labels="[&quot;TYLKO U NAS&quot;]" data-brand="IDEENWELT" data-caption="legginsy sportowe, Khaki, rozm. M" data-unit="1 szt."><svg class="ui-icon " stroke-width="1.8" width="16" height="16" viewBox="0 0 24 24" preserveAspectRatio="" fill="none" stroke="currentColor" stroke-linecap="round" stroke-linejoin="round" overflow="visible"><path d="M3.5 9.47656L6.5 3.47656"></path><path d="M20.5 9.47656L17.5 3.47656"></path><path d="M21.5 12.4766H2.5L4.2 20.9836C4.30662 21.4208 4.56062 21.808 4.91924 22.0799C5.27786 22.3518 5.7192 22.4919 6.169 22.4766H17.831C18.2808 22.4919 18.7221 22.3518 19.0808 22.0799C19.4394 21.808 19.6934 21.4208 19.8 20.9836L21.5 12.4766Z"></path><path d="M21.5 9.47656H2.5C1.94772 9.47656 1.5 9.92428 1.5 10.4766V11.4766C1.5 12.0288 1.94772 12.4766 2.5 12.4766H21.5C22.0523 12.4766 22.5 12.0288 22.5 11.4766V10.4766C22.5 9.92428 22.0523 9.47656 21.5 9.47656Z"></path><path d="M12 15.4766V18.9766"></path><path d="M16.5 15.4766L16 18.9766"></path><path d="M7.5 15.4766L8 18.9766"></path></svg></button></div></div><div class="PriceDetailSection-module_section--GiX3L" data-testid="product-omnibus"><div class="tile-product__lowest-price"><div class="LowestPrice-module_text--cofnN LowestPrice-module_textSmall--57oJQ"><span>Najniższa cena: </span><span data-testid="lowest-price-in-30-days" class="LowestPrice-module_price--E4qKq ml-1"><span data-testid="product-price" class="styles-module_strike--3Okb2  styles-module_xxxSmall--DH55z styles-module_price--9IDpJ">79<span class="styles-module_price--9IDpJ">,99</span> <span>zł</span></span></span><button aria-label="Najniższa cena od wprowadzenia" data-state="closed" class="OmnibusTrigger-module_button--G5UaQ"><svg class="ui-icon " stroke-width="1.2" width="16" height="16" viewBox="0 0 24 24" preserveAspectRatio="" fill="none" stroke="currentColor" stroke-linecap="round" stroke-linejoin="round" overflow="visible"><path d="M12 22C17.5228 22 22 17.5228 22 12C22 6.47714 17.5228 2 12 2C6.47715 2 2 6.47714 2 12C2 17.5228 6.47715 22 12 22Z"></path><path d="M14 17H12.6667C12.4309 17 12.2048 16.8946 12.0381 16.7071C11.8715 16.5196 11.7778 16.2652 11.7778 16V10.5C11.7778 10.3674 11.7309 10.2402 11.6476 10.1465C11.5643 10.0527 11.4512 10 11.3333 10H10"></path><path d="M11.7415 7C11.6034 7 11.4915 6.88807 11.4915 6.75C11.4915 6.61193 11.6034 6.5 11.7415 6.5"></path><path d="M11.7415 7C11.8795 7 11.9915 6.88807 11.9915 6.75C11.9915 6.61193 11.8795 6.5 11.7415 6.5"></path></svg></button></div></div></div></div><div class="AvailabilitySection-module_section--IibdL AvailabilitySection-module_sectionRound--7ZN6d"><div class="AvailabilitySection-module_record--sV0gc"><div class="AvailabilitySection-module_icon--FClji AvailabilitySection-module_iconHigh--A0P1q"><svg class="ui-icon AvailabilitySection-module_iconCheck--68pbU" stroke-width="1.2" width=" 24" height="24" viewBox="0 0 24 24" preserveAspectRatio="" fill="none" stroke="currentColor" stroke-linecap="round" stroke-linejoin="round" overflow="visible"><path d="M12.6667 4.30981L5.97106 13.6431L3.33337 11.0055"></path></svg></div><div class="AvailabilitySection-module_text--zxru7 AvailabilitySection-module_textSmall--n1xcJ">Dostępny online</div></div><div class="AvailabilitySection-module_record--sV0gc"><div class="AvailabilitySection-module_icon--FClji AvailabilitySection-module_iconMedium--KUbf2"><svg class="ui-icon AvailabilitySection-module_iconExclamation--udHHV" stroke-width="1.2" width=" 24" height="24" viewBox="0 0 24 24" preserveAspectRatio="" fill="none" stroke="currentColor" stroke-linecap="round" stroke-linejoin="round" overflow="visible"><path d="M12 13V7" stroke="none"></path><path d="M11.9912 16.005C11.9585 16.0055 11.9262 16.0126 11.8963 16.0257C11.8664 16.0389 11.8394 16.0579 11.8169 16.0817C11.7945 16.1055 11.777 16.1335 11.7655 16.1641C11.7541 16.1947 11.7489 16.2273 11.7502 16.26C11.7525 16.3256 11.7802 16.3878 11.8273 16.4335C11.8745 16.4792 11.9375 16.5048 12.0032 16.505C12.0359 16.5044 12.0681 16.4972 12.0979 16.484C12.1278 16.4708 12.1547 16.4518 12.1772 16.428C12.1996 16.4043 12.2171 16.3763 12.2286 16.3458C12.2401 16.3152 12.2454 16.2826 12.2442 16.25C12.2422 16.1858 12.2159 16.1248 12.1706 16.0793C12.1253 16.0338 12.0644 16.0073 12.0002 16.005H11.9952" stroke="none"></path></svg></div><button class="AvailabilitySection-module_text--zxru7 AvailabilitySection-module_shopText--7jdjN AvailabilitySection-module_textSmall--n1xcJ">Sprawdź dostępność w drogerii</button></div></div></section></div></div></div><div class="swiper-slide ProductSlider-module_slideWithImage--jP2ra mb-4" style="margin-right: 16px;"><div class="ProductTile-module_tile--yFwR2 ProductTile-module_small--bAwXa ProductTile-module_round--R0J7y ProductTile-module_bt--7Rs6T ProductTile-module_br--DiNim ProductTile-module_bb--6rqC2 ProductTile-module_bl--VrBPG " data-testid="product-container"><section><div><div class="HeaderSection-module_headerSection--0ATl3"><div class="HeaderSection-module_badgesSection--2J8Ry"><span class="styles-module_badge--ptqlS styles-module_rossmann--AbYWx "><span>TYLKO U NAS</span></span></div><button aria-label="Dodaj do ulubionych" data-testid="product-add-to-favorites-button" class="HeaderSection-module_favoritesBtn--AtrEF snrs-add-to-fav" data-sku="2095169"><svg class="icon HeaderSection-module_icon--izXrZ " width="22" height="20" viewBox="0 0 22 20" fill="none" xmlns="http://www.w3.org/2000/svg"><path d="M11.0002 19L2.47741 9.85496C1.72993 9.09105 1.23535 8.09895 1.06538 7.02248C0.89541 5.94601 1.05887 4.84111 1.53207 3.86794C1.89665 3.13055 2.42251 2.4928 3.0672 2.00617C3.7119 1.51954 4.45737 1.19766 5.24344 1.06652C6.02951 0.935373 6.83416 0.998637 7.59245 1.2512C8.35073 1.50376 9.04141 1.93855 9.60872 2.52047L11.0002 3.84257L12.3917 2.52047C12.9591 1.93874 13.6498 1.50411 14.408 1.25166C15.1663 0.999207 15.9708 0.935998 16.7569 1.06713C17.5429 1.19827 18.2883 1.52007 18.933 2.00658C19.5777 2.4931 20.1036 3.13069 20.4683 3.86794C20.9412 4.84117 21.1046 5.94601 20.9346 7.02241C20.7646 8.09882 20.2702 9.0909 19.523 9.85496L11.0002 19Z" stroke="currentColor" stroke-width="1.5" stroke-linecap="round" stroke-linejoin="round"></path></svg></button></div></div><div class="ProductTile-module_imageSection--4dy3j"><div class="ImageSection-module_imageSection--JW6B4 ImageSection-module_imageSectionSmall--wtsuO  "><a href="/Produkt/Dzbanki-butelki-i-filtry/Ideenwelt-butelka-na-wode-Lawendowa-600ml-1-szt,2095169,19151"><img loading="lazy" src="https://pro-fra-s3-productsassets.rossmann.pl/product_1_small/2095169_338_190_1751459830.webp" alt="IDEENWELT ,butelka na wodę, Lawendowa, 600ml,przód" data-testid="product-image"></a><div class="ImageSection-module_cmpInfoWrapper---gDf+"></div></div></div><div><a href="/Produkt/Dzbanki-butelki-i-filtry/Ideenwelt-butelka-na-wode-Lawendowa-600ml-1-szt,2095169,19151"><div title="IDEENWELT " class="DescriptionSection-module_brand--+Edq7 DescriptionSection-module_brandSmall--J0DP7" data-testid="product-brand"><strong class="DescriptionSection-module_strongSmall--8u2H2">IDEENWELT </strong></div><div title="butelka na wodę, Lawendowa, 600ml" class="DescriptionSection-module_caption--t+QTb DescriptionSection-module_captionSmall--ClR1Q" data-testid="product-caption">butelka na wodę, Lawendowa, 600ml</div><div class="DescriptionSection-module_unitSmall--AyjB0" data-testid="product-unit">1 szt.</div></a></div></section><div class="ProductTile-module_priceBox--SIN7O"><section class="w-100 flex flex-column justify-content-between"><div><div class="PriceSection-module_priceSection--eIBii"><div class="PriceSection-module_priceContainer--SxUEN"><div class="PriceSection-module_priceBox--X1xEI" data-testid="product-current-price-wrapper"><span class="PriceSection-module_price--I18Do PriceSection-module_priceSmall--UhUP0 PriceSection-module_pricePromotion--4NEgk" data-testid="product-price"><span>19</span><span>,99 zł</span></span></div><span class="PriceSection-module_pricePerUnitSmall--GF40k" data-testid="product-price-per-unit">1 szt. = 19,99 zł</span></div><div><button aria-label="Dodaj do koszyka" data-testid="product-add-to-basket-button" class="PriceSection-module_cartBtn--LT628 snrs-add-to-cart" data-sku="2095169" data-name="" data-regular-price="24.99" data-promo-price="19.99" data-omnibus-price="24.99" data-unit-price="1 szt. = 19,99 zł" data-link="/Produkt/Dzbanki-butelki-i-filtry/Ideenwelt-butelka-na-wode-Lawendowa-600ml-1-szt,2095169,19151" data-img-link="https://pro-fra-s3-productsassets.rossmann.pl/product_1_medium/2095169_360_350_1751459831.webp" data-labels="[&quot;TYLKO U NAS&quot;]" data-brand="IDEENWELT" data-caption="butelka na wodę, Lawendowa, 600ml" data-unit="1 szt."><svg class="ui-icon " stroke-width="1.8" width="16" height="16" viewBox="0 0 24 24" preserveAspectRatio="" fill="none" stroke="currentColor" stroke-linecap="round" stroke-linejoin="round" overflow="visible"><path d="M3.5 9.47656L6.5 3.47656"></path><path d="M20.5 9.47656L17.5 3.47656"></path><path d="M21.5 12.4766H2.5L4.2 20.9836C4.30662 21.4208 4.56062 21.808 4.91924 22.0799C5.27786 22.3518 5.7192 22.4919 6.169 22.4766H17.831C18.2808 22.4919 18.7221 22.3518 19.0808 22.0799C19.4394 21.808 19.6934 21.4208 19.8 20.9836L21.5 12.4766Z"></path><path d="M21.5 9.47656H2.5C1.94772 9.47656 1.5 9.92428 1.5 10.4766V11.4766C1.5 12.0288 1.94772 12.4766 2.5 12.4766H21.5C22.0523 12.4766 22.5 12.0288 22.5 11.4766V10.4766C22.5 9.92428 22.0523 9.47656 21.5 9.47656Z"></path><path d="M12 15.4766V18.9766"></path><path d="M16.5 15.4766L16 18.9766"></path><path d="M7.5 15.4766L8 18.9766"></path></svg></button></div></div><div class="PriceDetailSection-module_section--GiX3L" data-testid="product-omnibus"><div class="tile-product__lowest-price"><div class="LowestPrice-module_text--cofnN LowestPrice-module_textSmall--57oJQ"><span>Najniższa cena: </span><span data-testid="lowest-price-in-30-days" class="LowestPrice-module_price--E4qKq ml-1"><span data-testid="product-price" class="styles-module_strike--3Okb2  styles-module_xxxSmall--DH55z styles-module_price--9IDpJ">24<span class="styles-module_price--9IDpJ">,99</span> <span>zł</span></span></span><button aria-label="Najniższa cena od wprowadzenia" data-state="closed" class="OmnibusTrigger-module_button--G5UaQ"><svg class="ui-icon " stroke-width="1.2" width="16" height="16" viewBox="0 0 24 24" preserveAspectRatio="" fill="none" stroke="currentColor" stroke-linecap="round" stroke-linejoin="round" overflow="visible"><path d="M12 22C17.5228 22 22 17.5228 22 12C22 6.47714 17.5228 2 12 2C6.47715 2 2 6.47714 2 12C2 17.5228 6.47715 22 12 22Z"></path><path d="M14 17H12.6667C12.4309 17 12.2048 16.8946 12.0381 16.7071C11.8715 16.5196 11.7778 16.2652 11.7778 16V10.5C11.7778 10.3674 11.7309 10.2402 11.6476 10.1465C11.5643 10.0527 11.4512 10 11.3333 10H10"></path><path d="M11.7415 7C11.6034 7 11.4915 6.88807 11.4915 6.75C11.4915 6.61193 11.6034 6.5 11.7415 6.5"></path><path d="M11.7415 7C11.8795 7 11.9915 6.88807 11.9915 6.75C11.9915 6.61193 11.8795 6.5 11.7415 6.5"></path></svg></button></div></div></div></div><div class="AvailabilitySection-module_section--IibdL AvailabilitySection-module_sectionRound--7ZN6d"><div class="AvailabilitySection-module_record--sV0gc"><div class="AvailabilitySection-module_icon--FClji AvailabilitySection-module_iconHigh--A0P1q"><svg class="ui-icon AvailabilitySection-module_iconCheck--68pbU" stroke-width="1.2" width=" 24" height="24" viewBox="0 0 24 24" preserveAspectRatio="" fill="none" stroke="currentColor" stroke-linecap="round" stroke-linejoin="round" overflow="visible"><path d="M12.6667 4.30981L5.97106 13.6431L3.33337 11.0055"></path></svg></div><div class="AvailabilitySection-module_text--zxru7 AvailabilitySection-module_textSmall--n1xcJ">Dostępny online</div></div><div class="AvailabilitySection-module_record--sV0gc"><div class="AvailabilitySection-module_icon--FClji AvailabilitySection-module_iconMedium--KUbf2"><svg class="ui-icon AvailabilitySection-module_iconExclamation--udHHV" stroke-width="1.2" width=" 24" height="24" viewBox="0 0 24 24" preserveAspectRatio="" fill="none" stroke="currentColor" stroke-linecap="round" stroke-linejoin="round" overflow="visible"><path d="M12 13V7" stroke="none"></path><path d="M11.9912 16.005C11.9585 16.0055 11.9262 16.0126 11.8963 16.0257C11.8664 16.0389 11.8394 16.0579 11.8169 16.0817C11.7945 16.1055 11.777 16.1335 11.7655 16.1641C11.7541 16.1947 11.7489 16.2273 11.7502 16.26C11.7525 16.3256 11.7802 16.3878 11.8273 16.4335C11.8745 16.4792 11.9375 16.5048 12.0032 16.505C12.0359 16.5044 12.0681 16.4972 12.0979 16.484C12.1278 16.4708 12.1547 16.4518 12.1772 16.428C12.1996 16.4043 12.2171 16.3763 12.2286 16.3458C12.2401 16.3152 12.2454 16.2826 12.2442 16.25C12.2422 16.1858 12.2159 16.1248 12.1706 16.0793C12.1253 16.0338 12.0644 16.0073 12.0002 16.005H11.9952" stroke="none"></path></svg></div><button class="AvailabilitySection-module_text--zxru7 AvailabilitySection-module_shopText--7jdjN AvailabilitySection-module_textSmall--n1xcJ">Sprawdź dostępność w drogerii</button></div></div></section></div></div></div><div class="swiper-slide ProductSlider-module_slideWithImage--jP2ra mb-4" style="margin-right: 16px;"><div class="ProductTile-module_tile--yFwR2 ProductTile-module_small--bAwXa ProductTile-module_round--R0J7y ProductTile-module_bt--7Rs6T ProductTile-module_br--DiNim ProductTile-module_bb--6rqC2 ProductTile-module_bl--VrBPG " data-testid="product-container"><section><div><div class="HeaderSection-module_headerSection--0ATl3"><div class="HeaderSection-module_badgesSection--2J8Ry"><span class="styles-module_badge--ptqlS styles-module_rossmann--AbYWx "><span>TYLKO U NAS</span></span></div><button aria-label="Dodaj do ulubionych" data-testid="product-add-to-favorites-button" class="HeaderSection-module_favoritesBtn--AtrEF snrs-add-to-fav" data-sku="2095251"><svg class="icon HeaderSection-module_icon--izXrZ " width="22" height="20" viewBox="0 0 22 20" fill="none" xmlns="http://www.w3.org/2000/svg"><path d="M11.0002 19L2.47741 9.85496C1.72993 9.09105 1.23535 8.09895 1.06538 7.02248C0.89541 5.94601 1.05887 4.84111 1.53207 3.86794C1.89665 3.13055 2.42251 2.4928 3.0672 2.00617C3.7119 1.51954 4.45737 1.19766 5.24344 1.06652C6.02951 0.935373 6.83416 0.998637 7.59245 1.2512C8.35073 1.50376 9.04141 1.93855 9.60872 2.52047L11.0002 3.84257L12.3917 2.52047C12.9591 1.93874 13.6498 1.50411 14.408 1.25166C15.1663 0.999207 15.9708 0.935998 16.7569 1.06713C17.5429 1.19827 18.2883 1.52007 18.933 2.00658C19.5777 2.4931 20.1036 3.13069 20.4683 3.86794C20.9412 4.84117 21.1046 5.94601 20.9346 7.02241C20.7646 8.09882 20.2702 9.0909 19.523 9.85496L11.0002 19Z" stroke="currentColor" stroke-width="1.5" stroke-linecap="round" stroke-linejoin="round"></path></svg></button></div></div><div class="ProductTile-module_imageSection--4dy3j"><div class="ImageSection-module_imageSection--JW6B4 ImageSection-module_imageSectionSmall--wtsuO  "><a href="/Produkt/Akcesoria-sportowe/Ideenwelt-poduszka-do-jogi-1-szt,2095251,19307"><img loading="lazy" src="https://pro-fra-s3-productsassets.rossmann.pl/product_1_small/2095251_338_190_1750947014.webp" alt="IDEENWELT ,poduszka do jogi,przód" data-testid="product-image"></a><div class="ImageSection-module_cmpInfoWrapper---gDf+"></div></div></div><div><a href="/Produkt/Akcesoria-sportowe/Ideenwelt-poduszka-do-jogi-1-szt,2095251,19307"><div title="IDEENWELT " class="DescriptionSection-module_brand--+Edq7 DescriptionSection-module_brandSmall--J0DP7" data-testid="product-brand"><strong class="DescriptionSection-module_strongSmall--8u2H2">IDEENWELT </strong></div><div title="poduszka do jogi" class="DescriptionSection-module_caption--t+QTb DescriptionSection-module_captionSmall--ClR1Q" data-testid="product-caption">poduszka do jogi</div><div class="DescriptionSection-module_unitSmall--AyjB0" data-testid="product-unit">1 szt.</div></a></div></section><div class="ProductTile-module_priceBox--SIN7O"><section class="w-100 flex flex-column justify-content-between"><div><div class="PriceSection-module_priceSection--eIBii"><div class="PriceSection-module_priceContainer--SxUEN"><div class="PriceSection-module_priceBox--X1xEI" data-testid="product-current-price-wrapper"><span class="PriceSection-module_price--I18Do PriceSection-module_priceSmall--UhUP0 PriceSection-module_pricePromotion--4NEgk" data-testid="product-price"><span>34</span><span>,99 zł</span></span></div><span class="PriceSection-module_pricePerUnitSmall--GF40k" data-testid="product-price-per-unit">1 szt. = 34,99 zł</span></div><div></div></div><div class="PriceDetailSection-module_section--GiX3L" data-testid="product-omnibus"><div class="tile-product__lowest-price"><div class="LowestPrice-module_text--cofnN LowestPrice-module_textSmall--57oJQ"><span>Najniższa cena: </span><span data-testid="lowest-price-in-30-days" class="LowestPrice-module_price--E4qKq ml-1"><span data-testid="product-price" class="styles-module_strike--3Okb2  styles-module_xxxSmall--DH55z styles-module_price--9IDpJ">42<span class="styles-module_price--9IDpJ">,99</span> <span>zł</span></span></span><button aria-label="Najniższa cena od wprowadzenia" data-state="closed" class="OmnibusTrigger-module_button--G5UaQ"><svg class="ui-icon " stroke-width="1.2" width="16" height="16" viewBox="0 0 24 24" preserveAspectRatio="" fill="none" stroke="currentColor" stroke-linecap="round" stroke-linejoin="round" overflow="visible"><path d="M12 22C17.5228 22 22 17.5228 22 12C22 6.47714 17.5228 2 12 2C6.47715 2 2 6.47714 2 12C2 17.5228 6.47715 22 12 22Z"></path><path d="M14 17H12.6667C12.4309 17 12.2048 16.8946 12.0381 16.7071C11.8715 16.5196 11.7778 16.2652 11.7778 16V10.5C11.7778 10.3674 11.7309 10.2402 11.6476 10.1465C11.5643 10.0527 11.4512 10 11.3333 10H10"></path><path d="M11.7415 7C11.6034 7 11.4915 6.88807 11.4915 6.75C11.4915 6.61193 11.6034 6.5 11.7415 6.5"></path><path d="M11.7415 7C11.8795 7 11.9915 6.88807 11.9915 6.75C11.9915 6.61193 11.8795 6.5 11.7415 6.5"></path></svg></button></div></div></div></div><div class="AvailabilitySection-module_section--IibdL AvailabilitySection-module_sectionRound--7ZN6d"><div class="AvailabilitySection-module_record--sV0gc"><div class="AvailabilitySection-module_icon--FClji "><svg class="ui-icon AvailabilitySection-module_iconClose--mNO8j" stroke-width="1.2" width=" 24" height="24" viewBox="0 0 24 24" preserveAspectRatio="" fill="none" stroke="currentColor" stroke-linecap="round" stroke-linejoin="round" overflow="visible"><path d="M4 4L20 20"></path><path d="M20 4L4 20"></path></svg></div><div class="AvailabilitySection-module_text--zxru7 AvailabilitySection-module_textSmall--n1xcJ">Chwilowo niedostępny online</div></div><div class="AvailabilitySection-module_record--sV0gc"><div class="AvailabilitySection-module_icon--FClji AvailabilitySection-module_iconMedium--KUbf2"><svg class="ui-icon AvailabilitySection-module_iconExclamation--udHHV" stroke-width="1.2" width=" 24" height="24" viewBox="0 0 24 24" preserveAspectRatio="" fill="none" stroke="currentColor" stroke-linecap="round" stroke-linejoin="round" overflow="visible"><path d="M12 13V7" stroke="none"></path><path d="M11.9912 16.005C11.9585 16.0055 11.9262 16.0126 11.8963 16.0257C11.8664 16.0389 11.8394 16.0579 11.8169 16.0817C11.7945 16.1055 11.777 16.1335 11.7655 16.1641C11.7541 16.1947 11.7489 16.2273 11.7502 16.26C11.7525 16.3256 11.7802 16.3878 11.8273 16.4335C11.8745 16.4792 11.9375 16.5048 12.0032 16.505C12.0359 16.5044 12.0681 16.4972 12.0979 16.484C12.1278 16.4708 12.1547 16.4518 12.1772 16.428C12.1996 16.4043 12.2171 16.3763 12.2286 16.3458C12.2401 16.3152 12.2454 16.2826 12.2442 16.25C12.2422 16.1858 12.2159 16.1248 12.1706 16.0793C12.1253 16.0338 12.0644 16.0073 12.0002 16.005H11.9952" stroke="none"></path></svg></div><button class="AvailabilitySection-module_text--zxru7 AvailabilitySection-module_shopText--7jdjN AvailabilitySection-module_textSmall--n1xcJ">Sprawdź dostępność w drogerii</button></div></div></section></div></div></div><div class="swiper-slide ProductSlider-module_slideWithImage--jP2ra mb-4" style="margin-right: 16px;"><div class="ProductTile-module_tile--yFwR2 ProductTile-module_small--bAwXa ProductTile-module_round--R0J7y ProductTile-module_bt--7Rs6T ProductTile-module_br--DiNim ProductTile-module_bb--6rqC2 ProductTile-module_bl--VrBPG " data-testid="product-container"><section><div><div class="HeaderSection-module_headerSection--0ATl3"><div class="HeaderSection-module_badgesSection--2J8Ry"><span class="styles-module_badge--ptqlS styles-module_rossmann--AbYWx "><span>TYLKO U NAS</span></span></div><button aria-label="Dodaj do ulubionych" data-testid="product-add-to-favorites-button" class="HeaderSection-module_favoritesBtn--AtrEF snrs-add-to-fav" data-sku="2095254"><svg class="icon HeaderSection-module_icon--izXrZ " width="22" height="20" viewBox="0 0 22 20" fill="none" xmlns="http://www.w3.org/2000/svg"><path d="M11.0002 19L2.47741 9.85496C1.72993 9.09105 1.23535 8.09895 1.06538 7.02248C0.89541 5.94601 1.05887 4.84111 1.53207 3.86794C1.89665 3.13055 2.42251 2.4928 3.0672 2.00617C3.7119 1.51954 4.45737 1.19766 5.24344 1.06652C6.02951 0.935373 6.83416 0.998637 7.59245 1.2512C8.35073 1.50376 9.04141 1.93855 9.60872 2.52047L11.0002 3.84257L12.3917 2.52047C12.9591 1.93874 13.6498 1.50411 14.408 1.25166C15.1663 0.999207 15.9708 0.935998 16.7569 1.06713C17.5429 1.19827 18.2883 1.52007 18.933 2.00658C19.5777 2.4931 20.1036 3.13069 20.4683 3.86794C20.9412 4.84117 21.1046 5.94601 20.9346 7.02241C20.7646 8.09882 20.2702 9.0909 19.523 9.85496L11.0002 19Z" stroke="currentColor" stroke-width="1.5" stroke-linecap="round" stroke-linejoin="round"></path></svg></button></div></div><div class="ProductTile-module_imageSection--4dy3j"><div class="ImageSection-module_imageSection--JW6B4 ImageSection-module_imageSectionSmall--wtsuO  "><a href="/Produkt/Akcesoria-sportowe/Ideenwelt-mata-do-jogi-Fioletowa-wym-180x60x0-5-cm-1-szt,2095254,19307"><img loading="lazy" src="https://pro-fra-s3-productsassets.rossmann.pl/product_1_small/2095254_338_190_1754374758.webp" alt="IDEENWELT ,mata do jogi, Fioletowa, wym. 180x60x0,5 cm,przód" data-testid="product-image"></a><div class="ImageSection-module_cmpInfoWrapper---gDf+"></div></div></div><div><a href="/Produkt/Akcesoria-sportowe/Ideenwelt-mata-do-jogi-Fioletowa-wym-180x60x0-5-cm-1-szt,2095254,19307"><div title="IDEENWELT " class="DescriptionSection-module_brand--+Edq7 DescriptionSection-module_brandSmall--J0DP7" data-testid="product-brand"><strong class="DescriptionSection-module_strongSmall--8u2H2">IDEENWELT </strong></div><div title="mata do jogi, Fioletowa, wym. 180x60x0,5 cm" class="DescriptionSection-module_caption--t+QTb DescriptionSection-module_captionSmall--ClR1Q" data-testid="product-caption">mata do jogi, Fioletowa, wym. 180x60x0,5 cm</div><div class="DescriptionSection-module_unitSmall--AyjB0" data-testid="product-unit">1 szt.</div></a></div></section><div class="ProductTile-module_priceBox--SIN7O"><section class="w-100 flex flex-column justify-content-between"><div><div class="PriceSection-module_priceSection--eIBii"><div class="PriceSection-module_priceContainer--SxUEN"><div class="PriceSection-module_priceBox--X1xEI" data-testid="product-current-price-wrapper"><span class="PriceSection-module_price--I18Do PriceSection-module_priceSmall--UhUP0 PriceSection-module_pricePromotion--4NEgk" data-testid="product-price"><span>49</span><span>,99 zł</span></span></div><span class="PriceSection-module_pricePerUnitSmall--GF40k" data-testid="product-price-per-unit">1 szt. = 49,99 zł</span></div><div></div></div><div class="PriceDetailSection-module_section--GiX3L" data-testid="product-omnibus"><div class="tile-product__lowest-price"><div class="LowestPrice-module_text--cofnN LowestPrice-module_textSmall--57oJQ"><span>Najniższa cena: </span><span data-testid="lowest-price-in-30-days" class="LowestPrice-module_price--E4qKq ml-1"><span data-testid="product-price" class="styles-module_strike--3Okb2  styles-module_xxxSmall--DH55z styles-module_price--9IDpJ">59<span class="styles-module_price--9IDpJ">,99</span> <span>zł</span></span></span><button aria-label="Najniższa cena od wprowadzenia" data-state="closed" class="OmnibusTrigger-module_button--G5UaQ"><svg class="ui-icon " stroke-width="1.2" width="16" height="16" viewBox="0 0 24 24" preserveAspectRatio="" fill="none" stroke="currentColor" stroke-linecap="round" stroke-linejoin="round" overflow="visible"><path d="M12 22C17.5228 22 22 17.5228 22 12C22 6.47714 17.5228 2 12 2C6.47715 2 2 6.47714 2 12C2 17.5228 6.47715 22 12 22Z"></path><path d="M14 17H12.6667C12.4309 17 12.2048 16.8946 12.0381 16.7071C11.8715 16.5196 11.7778 16.2652 11.7778 16V10.5C11.7778 10.3674 11.7309 10.2402 11.6476 10.1465C11.5643 10.0527 11.4512 10 11.3333 10H10"></path><path d="M11.7415 7C11.6034 7 11.4915 6.88807 11.4915 6.75C11.4915 6.61193 11.6034 6.5 11.7415 6.5"></path><path d="M11.7415 7C11.8795 7 11.9915 6.88807 11.9915 6.75C11.9915 6.61193 11.8795 6.5 11.7415 6.5"></path></svg></button></div></div></div></div><div class="AvailabilitySection-module_section--IibdL AvailabilitySection-module_sectionRound--7ZN6d"><div class="AvailabilitySection-module_record--sV0gc"><div class="AvailabilitySection-module_icon--FClji "><svg class="ui-icon AvailabilitySection-module_iconClose--mNO8j" stroke-width="1.2" width=" 24" height="24" viewBox="0 0 24 24" preserveAspectRatio="" fill="none" stroke="currentColor" stroke-linecap="round" stroke-linejoin="round" overflow="visible"><path d="M4 4L20 20"></path><path d="M20 4L4 20"></path></svg></div><div class="AvailabilitySection-module_text--zxru7 AvailabilitySection-module_textSmall--n1xcJ">Chwilowo niedostępny online</div></div><div class="AvailabilitySection-module_record--sV0gc"><div class="AvailabilitySection-module_icon--FClji AvailabilitySection-module_iconMedium--KUbf2"><svg class="ui-icon AvailabilitySection-module_iconExclamation--udHHV" stroke-width="1.2" width=" 24" height="24" viewBox="0 0 24 24" preserveAspectRatio="" fill="none" stroke="currentColor" stroke-linecap="round" stroke-linejoin="round" overflow="visible"><path d="M12 13V7" stroke="none"></path><path d="M11.9912 16.005C11.9585 16.0055 11.9262 16.0126 11.8963 16.0257C11.8664 16.0389 11.8394 16.0579 11.8169 16.0817C11.7945 16.1055 11.777 16.1335 11.7655 16.1641C11.7541 16.1947 11.7489 16.2273 11.7502 16.26C11.7525 16.3256 11.7802 16.3878 11.8273 16.4335C11.8745 16.4792 11.9375 16.5048 12.0032 16.505C12.0359 16.5044 12.0681 16.4972 12.0979 16.484C12.1278 16.4708 12.1547 16.4518 12.1772 16.428C12.1996 16.4043 12.2171 16.3763 12.2286 16.3458C12.2401 16.3152 12.2454 16.2826 12.2442 16.25C12.2422 16.1858 12.2159 16.1248 12.1706 16.0793C12.1253 16.0338 12.0644 16.0073 12.0002 16.005H11.9952" stroke="none"></path></svg></div><button class="AvailabilitySection-module_text--zxru7 AvailabilitySection-module_shopText--7jdjN AvailabilitySection-module_textSmall--n1xcJ">Sprawdź dostępność w drogerii</button></div></div></section></div></div></div><div class="swiper-slide ProductSlider-module_slideWithImage--jP2ra mb-4" style="margin-right: 16px;"><div class="ProductTile-module_tile--yFwR2 ProductTile-module_small--bAwXa ProductTile-module_round--R0J7y ProductTile-module_bt--7Rs6T ProductTile-module_br--DiNim ProductTile-module_bb--6rqC2 ProductTile-module_bl--VrBPG " data-testid="product-container"><section><div><div class="HeaderSection-module_headerSection--0ATl3"><div class="HeaderSection-module_badgesSection--2J8Ry"><span class="styles-module_badge--ptqlS styles-module_rossmann--AbYWx "><span>TYLKO U NAS</span></span></div><button aria-label="Dodaj do ulubionych" data-testid="product-add-to-favorites-button" class="HeaderSection-module_favoritesBtn--AtrEF snrs-add-to-fav" data-sku="2095171"><svg class="icon HeaderSection-module_icon--izXrZ " width="22" height="20" viewBox="0 0 22 20" fill="none" xmlns="http://www.w3.org/2000/svg"><path d="M11.0002 19L2.47741 9.85496C1.72993 9.09105 1.23535 8.09895 1.06538 7.02248C0.89541 5.94601 1.05887 4.84111 1.53207 3.86794C1.89665 3.13055 2.42251 2.4928 3.0672 2.00617C3.7119 1.51954 4.45737 1.19766 5.24344 1.06652C6.02951 0.935373 6.83416 0.998637 7.59245 1.2512C8.35073 1.50376 9.04141 1.93855 9.60872 2.52047L11.0002 3.84257L12.3917 2.52047C12.9591 1.93874 13.6498 1.50411 14.408 1.25166C15.1663 0.999207 15.9708 0.935998 16.7569 1.06713C17.5429 1.19827 18.2883 1.52007 18.933 2.00658C19.5777 2.4931 20.1036 3.13069 20.4683 3.86794C20.9412 4.84117 21.1046 5.94601 20.9346 7.02241C20.7646 8.09882 20.2702 9.0909 19.523 9.85496L11.0002 19Z" stroke="currentColor" stroke-width="1.5" stroke-linecap="round" stroke-linejoin="round"></path></svg></button></div></div><div class="ProductTile-module_imageSection--4dy3j"><div class="ImageSection-module_imageSection--JW6B4 ImageSection-module_imageSectionSmall--wtsuO  "><a href="/Produkt/Dzbanki-butelki-i-filtry/Ideenwelt-butelka-na-wode-Czarna-600ml-1-szt,2095171,19151"><img loading="lazy" src="https://pro-fra-s3-productsassets.rossmann.pl/product_1_small/2095171_338_190_1751460026.webp" alt="IDEENWELT ,butelka na wodę, Czarna, 600ml,przód" data-testid="product-image"></a><div class="ImageSection-module_cmpInfoWrapper---gDf+"></div></div></div><div><a href="/Produkt/Dzbanki-butelki-i-filtry/Ideenwelt-butelka-na-wode-Czarna-600ml-1-szt,2095171,19151"><div title="IDEENWELT " class="DescriptionSection-module_brand--+Edq7 DescriptionSection-module_brandSmall--J0DP7" data-testid="product-brand"><strong class="DescriptionSection-module_strongSmall--8u2H2">IDEENWELT </strong></div><div title="butelka na wodę, Czarna, 600ml" class="DescriptionSection-module_caption--t+QTb DescriptionSection-module_captionSmall--ClR1Q" data-testid="product-caption">butelka na wodę, Czarna, 600ml</div><div class="DescriptionSection-module_unitSmall--AyjB0" data-testid="product-unit">1 szt.</div></a></div></section><div class="ProductTile-module_priceBox--SIN7O"><section class="w-100 flex flex-column justify-content-between"><div><div class="PriceSection-module_priceSection--eIBii"><div class="PriceSection-module_priceContainer--SxUEN"><div class="PriceSection-module_priceBox--X1xEI" data-testid="product-current-price-wrapper"><span class="PriceSection-module_price--I18Do PriceSection-module_priceSmall--UhUP0 PriceSection-module_pricePromotion--4NEgk" data-testid="product-price"><span>19</span><span>,99 zł</span></span></div><span class="PriceSection-module_pricePerUnitSmall--GF40k" data-testid="product-price-per-unit">1 szt. = 19,99 zł</span></div><div><button aria-label="Dodaj do koszyka" data-testid="product-add-to-basket-button" class="PriceSection-module_cartBtn--LT628 snrs-add-to-cart" data-sku="2095171" data-name="" data-regular-price="24.99" data-promo-price="19.99" data-omnibus-price="24.99" data-unit-price="1 szt. = 19,99 zł" data-link="/Produkt/Dzbanki-butelki-i-filtry/Ideenwelt-butelka-na-wode-Czarna-600ml-1-szt,2095171,19151" data-img-link="https://pro-fra-s3-productsassets.rossmann.pl/product_1_medium/2095171_360_350_1751460027.webp" data-labels="[&quot;TYLKO U NAS&quot;]" data-brand="IDEENWELT" data-caption="butelka na wodę, Czarna, 600ml" data-unit="1 szt."><svg class="ui-icon " stroke-width="1.8" width="16" height="16" viewBox="0 0 24 24" preserveAspectRatio="" fill="none" stroke="currentColor" stroke-linecap="round" stroke-linejoin="round" overflow="visible"><path d="M3.5 9.47656L6.5 3.47656"></path><path d="M20.5 9.47656L17.5 3.47656"></path><path d="M21.5 12.4766H2.5L4.2 20.9836C4.30662 21.4208 4.56062 21.808 4.91924 22.0799C5.27786 22.3518 5.7192 22.4919 6.169 22.4766H17.831C18.2808 22.4919 18.7221 22.3518 19.0808 22.0799C19.4394 21.808 19.6934 21.4208 19.8 20.9836L21.5 12.4766Z"></path><path d="M21.5 9.47656H2.5C1.94772 9.47656 1.5 9.92428 1.5 10.4766V11.4766C1.5 12.0288 1.94772 12.4766 2.5 12.4766H21.5C22.0523 12.4766 22.5 12.0288 22.5 11.4766V10.4766C22.5 9.92428 22.0523 9.47656 21.5 9.47656Z"></path><path d="M12 15.4766V18.9766"></path><path d="M16.5 15.4766L16 18.9766"></path><path d="M7.5 15.4766L8 18.9766"></path></svg></button></div></div><div class="PriceDetailSection-module_section--GiX3L" data-testid="product-omnibus"><div class="tile-product__lowest-price"><div class="LowestPrice-module_text--cofnN LowestPrice-module_textSmall--57oJQ"><span>Najniższa cena: </span><span data-testid="lowest-price-in-30-days" class="LowestPrice-module_price--E4qKq ml-1"><span data-testid="product-price" class="styles-module_strike--3Okb2  styles-module_xxxSmall--DH55z styles-module_price--9IDpJ">24<span class="styles-module_price--9IDpJ">,99</span> <span>zł</span></span></span><button aria-label="Najniższa cena od wprowadzenia" data-state="closed" class="OmnibusTrigger-module_button--G5UaQ"><svg class="ui-icon " stroke-width="1.2" width="16" height="16" viewBox="0 0 24 24" preserveAspectRatio="" fill="none" stroke="currentColor" stroke-linecap="round" stroke-linejoin="round" overflow="visible"><path d="M12 22C17.5228 22 22 17.5228 22 12C22 6.47714 17.5228 2 12 2C6.47715 2 2 6.47714 2 12C2 17.5228 6.47715 22 12 22Z"></path><path d="M14 17H12.6667C12.4309 17 12.2048 16.8946 12.0381 16.7071C11.8715 16.5196 11.7778 16.2652 11.7778 16V10.5C11.7778 10.3674 11.7309 10.2402 11.6476 10.1465C11.5643 10.0527 11.4512 10 11.3333 10H10"></path><path d="M11.7415 7C11.6034 7 11.4915 6.88807 11.4915 6.75C11.4915 6.61193 11.6034 6.5 11.7415 6.5"></path><path d="M11.7415 7C11.8795 7 11.9915 6.88807 11.9915 6.75C11.9915 6.61193 11.8795 6.5 11.7415 6.5"></path></svg></button></div></div></div></div><div class="AvailabilitySection-module_section--IibdL AvailabilitySection-module_sectionRound--7ZN6d"><div class="AvailabilitySection-module_record--sV0gc"><div class="AvailabilitySection-module_icon--FClji AvailabilitySection-module_iconHigh--A0P1q"><svg class="ui-icon AvailabilitySection-module_iconCheck--68pbU" stroke-width="1.2" width=" 24" height="24" viewBox="0 0 24 24" preserveAspectRatio="" fill="none" stroke="currentColor" stroke-linecap="round" stroke-linejoin="round" overflow="visible"><path d="M12.6667 4.30981L5.97106 13.6431L3.33337 11.0055"></path></svg></div><div class="AvailabilitySection-module_text--zxru7 AvailabilitySection-module_textSmall--n1xcJ">Dostępny online</div></div><div class="AvailabilitySection-module_record--sV0gc"><div class="AvailabilitySection-module_icon--FClji AvailabilitySection-module_iconMedium--KUbf2"><svg class="ui-icon AvailabilitySection-module_iconExclamation--udHHV" stroke-width="1.2" width=" 24" height="24" viewBox="0 0 24 24" preserveAspectRatio="" fill="none" stroke="currentColor" stroke-linecap="round" stroke-linejoin="round" overflow="visible"><path d="M12 13V7" stroke="none"></path><path d="M11.9912 16.005C11.9585 16.0055 11.9262 16.0126 11.8963 16.0257C11.8664 16.0389 11.8394 16.0579 11.8169 16.0817C11.7945 16.1055 11.777 16.1335 11.7655 16.1641C11.7541 16.1947 11.7489 16.2273 11.7502 16.26C11.7525 16.3256 11.7802 16.3878 11.8273 16.4335C11.8745 16.4792 11.9375 16.5048 12.0032 16.505C12.0359 16.5044 12.0681 16.4972 12.0979 16.484C12.1278 16.4708 12.1547 16.4518 12.1772 16.428C12.1996 16.4043 12.2171 16.3763 12.2286 16.3458C12.2401 16.3152 12.2454 16.2826 12.2442 16.25C12.2422 16.1858 12.2159 16.1248 12.1706 16.0793C12.1253 16.0338 12.0644 16.0073 12.0002 16.005H11.9952" stroke="none"></path></svg></div><button class="AvailabilitySection-module_text--zxru7 AvailabilitySection-module_shopText--7jdjN AvailabilitySection-module_textSmall--n1xcJ">Sprawdź dostępność w drogerii</button></div></div></section></div></div></div><div class="swiper-slide ProductSlider-module_slideWithImage--jP2ra mb-4" style="margin-right: 16px;"><div class="ProductTile-module_tile--yFwR2 ProductTile-module_small--bAwXa ProductTile-module_round--R0J7y ProductTile-module_bt--7Rs6T ProductTile-module_br--DiNim ProductTile-module_bb--6rqC2 ProductTile-module_bl--VrBPG " data-testid="product-container"><section><div><div class="HeaderSection-module_headerSection--0ATl3"><div class="HeaderSection-module_badgesSection--2J8Ry"><span class="styles-module_badge--ptqlS styles-module_rossmann--AbYWx "><span>TYLKO U NAS</span></span></div><button aria-label="Dodaj do ulubionych" data-testid="product-add-to-favorites-button" class="HeaderSection-module_favoritesBtn--AtrEF snrs-add-to-fav" data-sku="2100350"><svg class="icon HeaderSection-module_icon--izXrZ " width="22" height="20" viewBox="0 0 22 20" fill="none" xmlns="http://www.w3.org/2000/svg"><path d="M11.0002 19L2.47741 9.85496C1.72993 9.09105 1.23535 8.09895 1.06538 7.02248C0.89541 5.94601 1.05887 4.84111 1.53207 3.86794C1.89665 3.13055 2.42251 2.4928 3.0672 2.00617C3.7119 1.51954 4.45737 1.19766 5.24344 1.06652C6.02951 0.935373 6.83416 0.998637 7.59245 1.2512C8.35073 1.50376 9.04141 1.93855 9.60872 2.52047L11.0002 3.84257L12.3917 2.52047C12.9591 1.93874 13.6498 1.50411 14.408 1.25166C15.1663 0.999207 15.9708 0.935998 16.7569 1.06713C17.5429 1.19827 18.2883 1.52007 18.933 2.00658C19.5777 2.4931 20.1036 3.13069 20.4683 3.86794C20.9412 4.84117 21.1046 5.94601 20.9346 7.02241C20.7646 8.09882 20.2702 9.0909 19.523 9.85496L11.0002 19Z" stroke="currentColor" stroke-width="1.5" stroke-linecap="round" stroke-linejoin="round"></path></svg></button></div></div><div class="ProductTile-module_imageSection--4dy3j"><div class="ImageSection-module_imageSection--JW6B4 ImageSection-module_imageSectionSmall--wtsuO  "><a href="/Produkt/Male-AGD/Ideenwelt-mini-gofrownica-Niebieska-1-szt,2100350,19240"><img loading="lazy" src="https://pro-fra-s3-productsassets.rossmann.pl/product_1_small/2100350_338_190_1751633845.webp" alt="IDEENWELT ,mini gofrownica, Niebieska,przód" data-testid="product-image"></a><div class="ImageSection-module_cmpInfoWrapper---gDf+"></div></div></div><div><a href="/Produkt/Male-AGD/Ideenwelt-mini-gofrownica-Niebieska-1-szt,2100350,19240"><div title="IDEENWELT " class="DescriptionSection-module_brand--+Edq7 DescriptionSection-module_brandSmall--J0DP7" data-testid="product-brand"><strong class="DescriptionSection-module_strongSmall--8u2H2">IDEENWELT </strong></div><div title="mini gofrownica, Niebieska" class="DescriptionSection-module_caption--t+QTb DescriptionSection-module_captionSmall--ClR1Q" data-testid="product-caption">mini gofrownica, Niebieska</div><div class="DescriptionSection-module_unitSmall--AyjB0" data-testid="product-unit">1 szt.</div></a></div></section><div class="ProductTile-module_priceBox--SIN7O"><section class="w-100 flex flex-column justify-content-between"><div><div class="PriceSection-module_priceSection--eIBii"><div class="PriceSection-module_priceContainer--SxUEN"><div class="PriceSection-module_priceBox--X1xEI" data-testid="product-current-price-wrapper"><span class="PriceSection-module_price--I18Do PriceSection-module_priceSmall--UhUP0 PriceSection-module_pricePromotion--4NEgk" data-testid="product-price"><span>49</span><span>,99 zł</span></span></div><span class="PriceSection-module_pricePerUnitSmall--GF40k" data-testid="product-price-per-unit">1 szt. = 49,99 zł</span></div><div><button aria-label="Dodaj do koszyka" data-testid="product-add-to-basket-button" class="PriceSection-module_cartBtn--LT628 snrs-add-to-cart" data-sku="2100350" data-name="" data-regular-price="59.99" data-promo-price="49.99" data-omnibus-price="59.99" data-unit-price="1 szt. = 49,99 zł" data-link="/Produkt/Male-AGD/Ideenwelt-mini-gofrownica-Niebieska-1-szt,2100350,19240" data-img-link="https://pro-fra-s3-productsassets.rossmann.pl/product_1_medium/2100350_360_350_1751633847.webp" data-labels="[&quot;TYLKO U NAS&quot;]" data-brand="IDEENWELT" data-caption="mini gofrownica, Niebieska" data-unit="1 szt."><svg class="ui-icon " stroke-width="1.8" width="16" height="16" viewBox="0 0 24 24" preserveAspectRatio="" fill="none" stroke="currentColor" stroke-linecap="round" stroke-linejoin="round" overflow="visible"><path d="M3.5 9.47656L6.5 3.47656"></path><path d="M20.5 9.47656L17.5 3.47656"></path><path d="M21.5 12.4766H2.5L4.2 20.9836C4.30662 21.4208 4.56062 21.808 4.91924 22.0799C5.27786 22.3518 5.7192 22.4919 6.169 22.4766H17.831C18.2808 22.4919 18.7221 22.3518 19.0808 22.0799C19.4394 21.808 19.6934 21.4208 19.8 20.9836L21.5 12.4766Z"></path><path d="M21.5 9.47656H2.5C1.94772 9.47656 1.5 9.92428 1.5 10.4766V11.4766C1.5 12.0288 1.94772 12.4766 2.5 12.4766H21.5C22.0523 12.4766 22.5 12.0288 22.5 11.4766V10.4766C22.5 9.92428 22.0523 9.47656 21.5 9.47656Z"></path><path d="M12 15.4766V18.9766"></path><path d="M16.5 15.4766L16 18.9766"></path><path d="M7.5 15.4766L8 18.9766"></path></svg></button></div></div><div class="PriceDetailSection-module_section--GiX3L" data-testid="product-omnibus"><div class="tile-product__lowest-price"><div class="LowestPrice-module_text--cofnN LowestPrice-module_textSmall--57oJQ"><span>Najniższa cena: </span><span data-testid="lowest-price-in-30-days" class="LowestPrice-module_price--E4qKq ml-1"><span data-testid="product-price" class="styles-module_strike--3Okb2  styles-module_xxxSmall--DH55z styles-module_price--9IDpJ">59<span class="styles-module_price--9IDpJ">,99</span> <span>zł</span></span></span><button aria-label="Najniższa cena od wprowadzenia" data-state="closed" class="OmnibusTrigger-module_button--G5UaQ"><svg class="ui-icon " stroke-width="1.2" width="16" height="16" viewBox="0 0 24 24" preserveAspectRatio="" fill="none" stroke="currentColor" stroke-linecap="round" stroke-linejoin="round" overflow="visible"><path d="M12 22C17.5228 22 22 17.5228 22 12C22 6.47714 17.5228 2 12 2C6.47715 2 2 6.47714 2 12C2 17.5228 6.47715 22 12 22Z"></path><path d="M14 17H12.6667C12.4309 17 12.2048 16.8946 12.0381 16.7071C11.8715 16.5196 11.7778 16.2652 11.7778 16V10.5C11.7778 10.3674 11.7309 10.2402 11.6476 10.1465C11.5643 10.0527 11.4512 10 11.3333 10H10"></path><path d="M11.7415 7C11.6034 7 11.4915 6.88807 11.4915 6.75C11.4915 6.61193 11.6034 6.5 11.7415 6.5"></path><path d="M11.7415 7C11.8795 7 11.9915 6.88807 11.9915 6.75C11.9915 6.61193 11.8795 6.5 11.7415 6.5"></path></svg></button></div></div></div></div><div class="AvailabilitySection-module_section--IibdL AvailabilitySection-module_sectionRound--7ZN6d"><div class="AvailabilitySection-module_record--sV0gc"><div class="AvailabilitySection-module_icon--FClji AvailabilitySection-module_iconHigh--A0P1q"><svg class="ui-icon AvailabilitySection-module_iconCheck--68pbU" stroke-width="1.2" width=" 24" height="24" viewBox="0 0 24 24" preserveAspectRatio="" fill="none" stroke="currentColor" stroke-linecap="round" stroke-linejoin="round" overflow="visible"><path d="M12.6667 4.30981L5.97106 13.6431L3.33337 11.0055"></path></svg></div><div class="AvailabilitySection-module_text--zxru7 AvailabilitySection-module_textSmall--n1xcJ">Dostępny online</div></div><div class="AvailabilitySection-module_record--sV0gc"><div class="AvailabilitySection-module_icon--FClji AvailabilitySection-module_iconMedium--KUbf2"><svg class="ui-icon AvailabilitySection-module_iconExclamation--udHHV" stroke-width="1.2" width=" 24" height="24" viewBox="0 0 24 24" preserveAspectRatio="" fill="none" stroke="currentColor" stroke-linecap="round" stroke-linejoin="round" overflow="visible"><path d="M12 13V7" stroke="none"></path><path d="M11.9912 16.005C11.9585 16.0055 11.9262 16.0126 11.8963 16.0257C11.8664 16.0389 11.8394 16.0579 11.8169 16.0817C11.7945 16.1055 11.777 16.1335 11.7655 16.1641C11.7541 16.1947 11.7489 16.2273 11.7502 16.26C11.7525 16.3256 11.7802 16.3878 11.8273 16.4335C11.8745 16.4792 11.9375 16.5048 12.0032 16.505C12.0359 16.5044 12.0681 16.4972 12.0979 16.484C12.1278 16.4708 12.1547 16.4518 12.1772 16.428C12.1996 16.4043 12.2171 16.3763 12.2286 16.3458C12.2401 16.3152 12.2454 16.2826 12.2442 16.25C12.2422 16.1858 12.2159 16.1248 12.1706 16.0793C12.1253 16.0338 12.0644 16.0073 12.0002 16.005H11.9952" stroke="none"></path></svg></div><button class="AvailabilitySection-module_text--zxru7 AvailabilitySection-module_shopText--7jdjN AvailabilitySection-module_textSmall--n1xcJ">Sprawdź dostępność w drogerii</button></div></div></section></div></div></div><div class="swiper-slide ProductSlider-module_slideWithImage--jP2ra mb-4" style="margin-right: 16px;"><div class="ProductTile-module_tile--yFwR2 ProductTile-module_small--bAwXa ProductTile-module_round--R0J7y ProductTile-module_bt--7Rs6T ProductTile-module_br--DiNim ProductTile-module_bb--6rqC2 ProductTile-module_bl--VrBPG " data-testid="product-container"><section><div><div class="HeaderSection-module_headerSection--0ATl3"><div class="HeaderSection-module_badgesSection--2J8Ry"><span class="styles-module_badge--ptqlS styles-module_rossmann--AbYWx "><span>TYLKO U NAS</span></span></div><button aria-label="Dodaj do ulubionych" data-testid="product-add-to-favorites-button" class="HeaderSection-module_favoritesBtn--AtrEF snrs-add-to-fav" data-sku="2095170"><svg class="icon HeaderSection-module_icon--izXrZ " width="22" height="20" viewBox="0 0 22 20" fill="none" xmlns="http://www.w3.org/2000/svg"><path d="M11.0002 19L2.47741 9.85496C1.72993 9.09105 1.23535 8.09895 1.06538 7.02248C0.89541 5.94601 1.05887 4.84111 1.53207 3.86794C1.89665 3.13055 2.42251 2.4928 3.0672 2.00617C3.7119 1.51954 4.45737 1.19766 5.24344 1.06652C6.02951 0.935373 6.83416 0.998637 7.59245 1.2512C8.35073 1.50376 9.04141 1.93855 9.60872 2.52047L11.0002 3.84257L12.3917 2.52047C12.9591 1.93874 13.6498 1.50411 14.408 1.25166C15.1663 0.999207 15.9708 0.935998 16.7569 1.06713C17.5429 1.19827 18.2883 1.52007 18.933 2.00658C19.5777 2.4931 20.1036 3.13069 20.4683 3.86794C20.9412 4.84117 21.1046 5.94601 20.9346 7.02241C20.7646 8.09882 20.2702 9.0909 19.523 9.85496L11.0002 19Z" stroke="currentColor" stroke-width="1.5" stroke-linecap="round" stroke-linejoin="round"></path></svg></button></div></div><div class="ProductTile-module_imageSection--4dy3j"><div class="ImageSection-module_imageSection--JW6B4 ImageSection-module_imageSectionSmall--wtsuO  "><a href="/Produkt/Dzbanki-butelki-i-filtry/Ideenwelt-butelka-na-wode-Zielona-600ml-1-szt,2095170,19151"><img loading="lazy" src="https://pro-fra-s3-productsassets.rossmann.pl/product_1_small/2095170_338_190_1751463192.webp" alt="IDEENWELT ,butelka na wodę, Zielona, 600ml,przód" data-testid="product-image"></a><div class="ImageSection-module_cmpInfoWrapper---gDf+"></div></div></div><div><a href="/Produkt/Dzbanki-butelki-i-filtry/Ideenwelt-butelka-na-wode-Zielona-600ml-1-szt,2095170,19151"><div title="IDEENWELT " class="DescriptionSection-module_brand--+Edq7 DescriptionSection-module_brandSmall--J0DP7" data-testid="product-brand"><strong class="DescriptionSection-module_strongSmall--8u2H2">IDEENWELT </strong></div><div title="butelka na wodę, Zielona, 600ml" class="DescriptionSection-module_caption--t+QTb DescriptionSection-module_captionSmall--ClR1Q" data-testid="product-caption">butelka na wodę, Zielona, 600ml</div><div class="DescriptionSection-module_unitSmall--AyjB0" data-testid="product-unit">1 szt.</div></a></div></section><div class="ProductTile-module_priceBox--SIN7O"><section class="w-100 flex flex-column justify-content-between"><div><div class="PriceSection-module_priceSection--eIBii"><div class="PriceSection-module_priceContainer--SxUEN"><div class="PriceSection-module_priceBox--X1xEI" data-testid="product-current-price-wrapper"><span class="PriceSection-module_price--I18Do PriceSection-module_priceSmall--UhUP0 PriceSection-module_pricePromotion--4NEgk" data-testid="product-price"><span>19</span><span>,99 zł</span></span></div><span class="PriceSection-module_pricePerUnitSmall--GF40k" data-testid="product-price-per-unit">1 szt. = 19,99 zł</span></div><div><button aria-label="Dodaj do koszyka" data-testid="product-add-to-basket-button" class="PriceSection-module_cartBtn--LT628 snrs-add-to-cart" data-sku="2095170" data-name="" data-regular-price="24.99" data-promo-price="19.99" data-omnibus-price="24.99" data-unit-price="1 szt. = 19,99 zł" data-link="/Produkt/Dzbanki-butelki-i-filtry/Ideenwelt-butelka-na-wode-Zielona-600ml-1-szt,2095170,19151" data-img-link="https://pro-fra-s3-productsassets.rossmann.pl/product_1_medium/2095170_360_350_1751463193.webp" data-labels="[&quot;TYLKO U NAS&quot;]" data-brand="IDEENWELT" data-caption="butelka na wodę, Zielona, 600ml" data-unit="1 szt."><svg class="ui-icon " stroke-width="1.8" width="16" height="16" viewBox="0 0 24 24" preserveAspectRatio="" fill="none" stroke="currentColor" stroke-linecap="round" stroke-linejoin="round" overflow="visible"><path d="M3.5 9.47656L6.5 3.47656"></path><path d="M20.5 9.47656L17.5 3.47656"></path><path d="M21.5 12.4766H2.5L4.2 20.9836C4.30662 21.4208 4.56062 21.808 4.91924 22.0799C5.27786 22.3518 5.7192 22.4919 6.169 22.4766H17.831C18.2808 22.4919 18.7221 22.3518 19.0808 22.0799C19.4394 21.808 19.6934 21.4208 19.8 20.9836L21.5 12.4766Z"></path><path d="M21.5 9.47656H2.5C1.94772 9.47656 1.5 9.92428 1.5 10.4766V11.4766C1.5 12.0288 1.94772 12.4766 2.5 12.4766H21.5C22.0523 12.4766 22.5 12.0288 22.5 11.4766V10.4766C22.5 9.92428 22.0523 9.47656 21.5 9.47656Z"></path><path d="M12 15.4766V18.9766"></path><path d="M16.5 15.4766L16 18.9766"></path><path d="M7.5 15.4766L8 18.9766"></path></svg></button></div></div><div class="PriceDetailSection-module_section--GiX3L" data-testid="product-omnibus"><div class="tile-product__lowest-price"><div class="LowestPrice-module_text--cofnN LowestPrice-module_textSmall--57oJQ"><span>Najniższa cena: </span><span data-testid="lowest-price-in-30-days" class="LowestPrice-module_price--E4qKq ml-1"><span data-testid="product-price" class="styles-module_strike--3Okb2  styles-module_xxxSmall--DH55z styles-module_price--9IDpJ">24<span class="styles-module_price--9IDpJ">,99</span> <span>zł</span></span></span><button aria-label="Najniższa cena od wprowadzenia" data-state="closed" class="OmnibusTrigger-module_button--G5UaQ"><svg class="ui-icon " stroke-width="1.2" width="16" height="16" viewBox="0 0 24 24" preserveAspectRatio="" fill="none" stroke="currentColor" stroke-linecap="round" stroke-linejoin="round" overflow="visible"><path d="M12 22C17.5228 22 22 17.5228 22 12C22 6.47714 17.5228 2 12 2C6.47715 2 2 6.47714 2 12C2 17.5228 6.47715 22 12 22Z"></path><path d="M14 17H12.6667C12.4309 17 12.2048 16.8946 12.0381 16.7071C11.8715 16.5196 11.7778 16.2652 11.7778 16V10.5C11.7778 10.3674 11.7309 10.2402 11.6476 10.1465C11.5643 10.0527 11.4512 10 11.3333 10H10"></path><path d="M11.7415 7C11.6034 7 11.4915 6.88807 11.4915 6.75C11.4915 6.61193 11.6034 6.5 11.7415 6.5"></path><path d="M11.7415 7C11.8795 7 11.9915 6.88807 11.9915 6.75C11.9915 6.61193 11.8795 6.5 11.7415 6.5"></path></svg></button></div></div></div></div><div class="AvailabilitySection-module_section--IibdL AvailabilitySection-module_sectionRound--7ZN6d"><div class="AvailabilitySection-module_record--sV0gc"><div class="AvailabilitySection-module_icon--FClji AvailabilitySection-module_iconHigh--A0P1q"><svg class="ui-icon AvailabilitySection-module_iconCheck--68pbU" stroke-width="1.2" width=" 24" height="24" viewBox="0 0 24 24" preserveAspectRatio="" fill="none" stroke="currentColor" stroke-linecap="round" stroke-linejoin="round" overflow="visible"><path d="M12.6667 4.30981L5.97106 13.6431L3.33337 11.0055"></path></svg></div><div class="AvailabilitySection-module_text--zxru7 AvailabilitySection-module_textSmall--n1xcJ">Dostępny online</div></div><div class="AvailabilitySection-module_record--sV0gc"><div class="AvailabilitySection-module_icon--FClji AvailabilitySection-module_iconMedium--KUbf2"><svg class="ui-icon AvailabilitySection-module_iconExclamation--udHHV" stroke-width="1.2" width=" 24" height="24" viewBox="0 0 24 24" preserveAspectRatio="" fill="none" stroke="currentColor" stroke-linecap="round" stroke-linejoin="round" overflow="visible"><path d="M12 13V7" stroke="none"></path><path d="M11.9912 16.005C11.9585 16.0055 11.9262 16.0126 11.8963 16.0257C11.8664 16.0389 11.8394 16.0579 11.8169 16.0817C11.7945 16.1055 11.777 16.1335 11.7655 16.1641C11.7541 16.1947 11.7489 16.2273 11.7502 16.26C11.7525 16.3256 11.7802 16.3878 11.8273 16.4335C11.8745 16.4792 11.9375 16.5048 12.0032 16.505C12.0359 16.5044 12.0681 16.4972 12.0979 16.484C12.1278 16.4708 12.1547 16.4518 12.1772 16.428C12.1996 16.4043 12.2171 16.3763 12.2286 16.3458C12.2401 16.3152 12.2454 16.2826 12.2442 16.25C12.2422 16.1858 12.2159 16.1248 12.1706 16.0793C12.1253 16.0338 12.0644 16.0073 12.0002 16.005H11.9952" stroke="none"></path></svg></div><button class="AvailabilitySection-module_text--zxru7 AvailabilitySection-module_shopText--7jdjN AvailabilitySection-module_textSmall--n1xcJ">Sprawdź dostępność w drogerii</button></div></div></section></div></div></div><div class="swiper-slide ProductSlider-module_slideWithImage--jP2ra mb-4" style="margin-right: 16px;"><div class="ProductTile-module_tile--yFwR2 ProductTile-module_small--bAwXa ProductTile-module_round--R0J7y ProductTile-module_bt--7Rs6T ProductTile-module_br--DiNim ProductTile-module_bb--6rqC2 ProductTile-module_bl--VrBPG " data-testid="product-container"><section><div><div class="HeaderSection-module_headerSection--0ATl3"><div class="HeaderSection-module_badgesSection--2J8Ry"><span class="styles-module_badge--ptqlS styles-module_rossmann--AbYWx "><span>TYLKO U NAS</span></span></div><button aria-label="Dodaj do ulubionych" data-testid="product-add-to-favorites-button" class="HeaderSection-module_favoritesBtn--AtrEF snrs-add-to-fav" data-sku="2095179"><svg class="icon HeaderSection-module_icon--izXrZ " width="22" height="20" viewBox="0 0 22 20" fill="none" xmlns="http://www.w3.org/2000/svg"><path d="M11.0002 19L2.47741 9.85496C1.72993 9.09105 1.23535 8.09895 1.06538 7.02248C0.89541 5.94601 1.05887 4.84111 1.53207 3.86794C1.89665 3.13055 2.42251 2.4928 3.0672 2.00617C3.7119 1.51954 4.45737 1.19766 5.24344 1.06652C6.02951 0.935373 6.83416 0.998637 7.59245 1.2512C8.35073 1.50376 9.04141 1.93855 9.60872 2.52047L11.0002 3.84257L12.3917 2.52047C12.9591 1.93874 13.6498 1.50411 14.408 1.25166C15.1663 0.999207 15.9708 0.935998 16.7569 1.06713C17.5429 1.19827 18.2883 1.52007 18.933 2.00658C19.5777 2.4931 20.1036 3.13069 20.4683 3.86794C20.9412 4.84117 21.1046 5.94601 20.9346 7.02241C20.7646 8.09882 20.2702 9.0909 19.523 9.85496L11.0002 19Z" stroke="currentColor" stroke-width="1.5" stroke-linecap="round" stroke-linejoin="round"></path></svg></button></div></div><div class="ProductTile-module_imageSection--4dy3j"><div class="ImageSection-module_imageSection--JW6B4 ImageSection-module_imageSectionSmall--wtsuO  "><a href="/Produkt/Naczynia-i-sztucce/Ideenwelt-pojemniki-do-mikrofalowki-600ml-3-szt,2095179,19149"><img loading="lazy" src="https://pro-fra-s3-productsassets.rossmann.pl/product_1_small/2095179_338_190_1751968877.webp" alt="IDEENWELT ,pojemniki do mikrofalówki, 600ml,przód" data-testid="product-image"></a><div class="ImageSection-module_cmpInfoWrapper---gDf+"></div></div></div><div><a href="/Produkt/Naczynia-i-sztucce/Ideenwelt-pojemniki-do-mikrofalowki-600ml-3-szt,2095179,19149"><div title="IDEENWELT " class="DescriptionSection-module_brand--+Edq7 DescriptionSection-module_brandSmall--J0DP7" data-testid="product-brand"><strong class="DescriptionSection-module_strongSmall--8u2H2">IDEENWELT </strong></div><div title="pojemniki do mikrofalówki, 600ml" class="DescriptionSection-module_caption--t+QTb DescriptionSection-module_captionSmall--ClR1Q" data-testid="product-caption">pojemniki do mikrofalówki, 600ml</div><div class="DescriptionSection-module_unitSmall--AyjB0" data-testid="product-unit">3 szt.</div></a></div></section><div class="ProductTile-module_priceBox--SIN7O"><section class="w-100 flex flex-column justify-content-between"><div><div class="PriceSection-module_priceSection--eIBii"><div class="PriceSection-module_priceContainer--SxUEN"><div class="PriceSection-module_priceBox--X1xEI" data-testid="product-current-price-wrapper"><span class="PriceSection-module_price--I18Do PriceSection-module_priceSmall--UhUP0 PriceSection-module_pricePromotion--4NEgk" data-testid="product-price"><span>29</span><span>,99 zł</span></span></div><span class="PriceSection-module_pricePerUnitSmall--GF40k" data-testid="product-price-per-unit">1 szt. = 10,00 zł</span></div><div><button aria-label="Dodaj do koszyka" data-testid="product-add-to-basket-button" class="PriceSection-module_cartBtn--LT628 snrs-add-to-cart" data-sku="2095179" data-name="" data-regular-price="35.99" data-promo-price="29.99" data-omnibus-price="35.99" data-unit-price="1 szt. = 10,00 zł" data-link="/Produkt/Naczynia-i-sztucce/Ideenwelt-pojemniki-do-mikrofalowki-600ml-3-szt,2095179,19149" data-img-link="https://pro-fra-s3-productsassets.rossmann.pl/product_1_medium/2095179_360_350_1751968881.webp" data-labels="[&quot;TYLKO U NAS&quot;]" data-brand="IDEENWELT" data-caption="pojemniki do mikrofalówki, 600ml" data-unit="3 szt."><svg class="ui-icon " stroke-width="1.8" width="16" height="16" viewBox="0 0 24 24" preserveAspectRatio="" fill="none" stroke="currentColor" stroke-linecap="round" stroke-linejoin="round" overflow="visible"><path d="M3.5 9.47656L6.5 3.47656"></path><path d="M20.5 9.47656L17.5 3.47656"></path><path d="M21.5 12.4766H2.5L4.2 20.9836C4.30662 21.4208 4.56062 21.808 4.91924 22.0799C5.27786 22.3518 5.7192 22.4919 6.169 22.4766H17.831C18.2808 22.4919 18.7221 22.3518 19.0808 22.0799C19.4394 21.808 19.6934 21.4208 19.8 20.9836L21.5 12.4766Z"></path><path d="M21.5 9.47656H2.5C1.94772 9.47656 1.5 9.92428 1.5 10.4766V11.4766C1.5 12.0288 1.94772 12.4766 2.5 12.4766H21.5C22.0523 12.4766 22.5 12.0288 22.5 11.4766V10.4766C22.5 9.92428 22.0523 9.47656 21.5 9.47656Z"></path><path d="M12 15.4766V18.9766"></path><path d="M16.5 15.4766L16 18.9766"></path><path d="M7.5 15.4766L8 18.9766"></path></svg></button></div></div><div class="PriceDetailSection-module_section--GiX3L" data-testid="product-omnibus"><div class="tile-product__lowest-price"><div class="LowestPrice-module_text--cofnN LowestPrice-module_textSmall--57oJQ"><span>Najniższa cena: </span><span data-testid="lowest-price-in-30-days" class="LowestPrice-module_price--E4qKq ml-1"><span data-testid="product-price" class="styles-module_strike--3Okb2  styles-module_xxxSmall--DH55z styles-module_price--9IDpJ">35<span class="styles-module_price--9IDpJ">,99</span> <span>zł</span></span></span><button aria-label="Najniższa cena od wprowadzenia" data-state="closed" class="OmnibusTrigger-module_button--G5UaQ"><svg class="ui-icon " stroke-width="1.2" width="16" height="16" viewBox="0 0 24 24" preserveAspectRatio="" fill="none" stroke="currentColor" stroke-linecap="round" stroke-linejoin="round" overflow="visible"><path d="M12 22C17.5228 22 22 17.5228 22 12C22 6.47714 17.5228 2 12 2C6.47715 2 2 6.47714 2 12C2 17.5228 6.47715 22 12 22Z"></path><path d="M14 17H12.6667C12.4309 17 12.2048 16.8946 12.0381 16.7071C11.8715 16.5196 11.7778 16.2652 11.7778 16V10.5C11.7778 10.3674 11.7309 10.2402 11.6476 10.1465C11.5643 10.0527 11.4512 10 11.3333 10H10"></path><path d="M11.7415 7C11.6034 7 11.4915 6.88807 11.4915 6.75C11.4915 6.61193 11.6034 6.5 11.7415 6.5"></path><path d="M11.7415 7C11.8795 7 11.9915 6.88807 11.9915 6.75C11.9915 6.61193 11.8795 6.5 11.7415 6.5"></path></svg></button></div></div></div></div><div class="AvailabilitySection-module_section--IibdL AvailabilitySection-module_sectionRound--7ZN6d"><div class="AvailabilitySection-module_record--sV0gc"><div class="AvailabilitySection-module_icon--FClji AvailabilitySection-module_iconHigh--A0P1q"><svg class="ui-icon AvailabilitySection-module_iconCheck--68pbU" stroke-width="1.2" width=" 24" height="24" viewBox="0 0 24 24" preserveAspectRatio="" fill="none" stroke="currentColor" stroke-linecap="round" stroke-linejoin="round" overflow="visible"><path d="M12.6667 4.30981L5.97106 13.6431L3.33337 11.0055"></path></svg></div><div class="AvailabilitySection-module_text--zxru7 AvailabilitySection-module_textSmall--n1xcJ">Dostępny online</div></div><div class="AvailabilitySection-module_record--sV0gc"><div class="AvailabilitySection-module_icon--FClji AvailabilitySection-module_iconMedium--KUbf2"><svg class="ui-icon AvailabilitySection-module_iconExclamation--udHHV" stroke-width="1.2" width=" 24" height="24" viewBox="0 0 24 24" preserveAspectRatio="" fill="none" stroke="currentColor" stroke-linecap="round" stroke-linejoin="round" overflow="visible"><path d="M12 13V7" stroke="none"></path><path d="M11.9912 16.005C11.9585 16.0055 11.9262 16.0126 11.8963 16.0257C11.8664 16.0389 11.8394 16.0579 11.8169 16.0817C11.7945 16.1055 11.777 16.1335 11.7655 16.1641C11.7541 16.1947 11.7489 16.2273 11.7502 16.26C11.7525 16.3256 11.7802 16.3878 11.8273 16.4335C11.8745 16.4792 11.9375 16.5048 12.0032 16.505C12.0359 16.5044 12.0681 16.4972 12.0979 16.484C12.1278 16.4708 12.1547 16.4518 12.1772 16.428C12.1996 16.4043 12.2171 16.3763 12.2286 16.3458C12.2401 16.3152 12.2454 16.2826 12.2442 16.25C12.2422 16.1858 12.2159 16.1248 12.1706 16.0793C12.1253 16.0338 12.0644 16.0073 12.0002 16.005H11.9952" stroke="none"></path></svg></div><button class="AvailabilitySection-module_text--zxru7 AvailabilitySection-module_shopText--7jdjN AvailabilitySection-module_textSmall--n1xcJ">Sprawdź dostępność w drogerii</button></div></div></section></div></div></div><div class="swiper-slide ProductSlider-module_slideWithImage--jP2ra mb-4" style="margin-right: 16px;"><div class="ProductTile-module_tile--yFwR2 ProductTile-module_small--bAwXa ProductTile-module_round--R0J7y ProductTile-module_bt--7Rs6T ProductTile-module_br--DiNim ProductTile-module_bb--6rqC2 ProductTile-module_bl--VrBPG " data-testid="product-container"><section><div><div class="HeaderSection-module_headerSection--0ATl3"><div class="HeaderSection-module_badgesSection--2J8Ry"><span class="styles-module_badge--ptqlS styles-module_rossmann--AbYWx "><span>TYLKO U NAS</span></span></div><button aria-label="Dodaj do ulubionych" data-testid="product-add-to-favorites-button" class="HeaderSection-module_favoritesBtn--AtrEF snrs-add-to-fav" data-sku="399109"><svg class="icon HeaderSection-module_icon--izXrZ " width="22" height="20" viewBox="0 0 22 20" fill="none" xmlns="http://www.w3.org/2000/svg"><path d="M11.0002 19L2.47741 9.85496C1.72993 9.09105 1.23535 8.09895 1.06538 7.02248C0.89541 5.94601 1.05887 4.84111 1.53207 3.86794C1.89665 3.13055 2.42251 2.4928 3.0672 2.00617C3.7119 1.51954 4.45737 1.19766 5.24344 1.06652C6.02951 0.935373 6.83416 0.998637 7.59245 1.2512C8.35073 1.50376 9.04141 1.93855 9.60872 2.52047L11.0002 3.84257L12.3917 2.52047C12.9591 1.93874 13.6498 1.50411 14.408 1.25166C15.1663 0.999207 15.9708 0.935998 16.7569 1.06713C17.5429 1.19827 18.2883 1.52007 18.933 2.00658C19.5777 2.4931 20.1036 3.13069 20.4683 3.86794C20.9412 4.84117 21.1046 5.94601 20.9346 7.02241C20.7646 8.09882 20.2702 9.0909 19.523 9.85496L11.0002 19Z" stroke="currentColor" stroke-width="1.5" stroke-linecap="round" stroke-linejoin="round"></path></svg></button></div></div><div class="ProductTile-module_imageSection--4dy3j"><div class="ImageSection-module_imageSection--JW6B4 ImageSection-module_imageSectionSmall--wtsuO  "><a href="/Produkt/Akcesoria-podrozne/Ideenwelt-wachlarz-Kolorowy-1-szt,399109,19249"><img loading="lazy" src="https://pro-fra-s3-productsassets.rossmann.pl/product_1_small/399109_338_190_1727371543.webp" alt="IDEENWELT ,wachlarz, Kolorowy,przód" data-testid="product-image"></a><div class="ImageSection-module_cmpInfoWrapper---gDf+"></div></div></div><div><a href="/Produkt/Akcesoria-podrozne/Ideenwelt-wachlarz-Kolorowy-1-szt,399109,19249"><div title="IDEENWELT " class="DescriptionSection-module_brand--+Edq7 DescriptionSection-module_brandSmall--J0DP7" data-testid="product-brand"><strong class="DescriptionSection-module_strongSmall--8u2H2">IDEENWELT </strong></div><div title="wachlarz, Kolorowy" class="DescriptionSection-module_caption--t+QTb DescriptionSection-module_captionSmall--ClR1Q" data-testid="product-caption">wachlarz, Kolorowy</div><div class="DescriptionSection-module_unitSmall--AyjB0" data-testid="product-unit">1 szt.</div></a></div></section><div class="ProductTile-module_priceBox--SIN7O"><section class="w-100 flex flex-column justify-content-between"><div><div class="PriceSection-module_priceSection--eIBii"><div class="PriceSection-module_priceContainer--SxUEN"><div class="PriceSection-module_priceBox--X1xEI" data-testid="product-current-price-wrapper"><span class="PriceSection-module_price--I18Do PriceSection-module_priceSmall--UhUP0 PriceSection-module_pricePromotion--4NEgk" data-testid="product-price"><span>11</span><span>,99 zł</span></span></div><span class="PriceSection-module_pricePerUnitSmall--GF40k" data-testid="product-price-per-unit">1 szt. = 11,99 zł</span></div><div><button aria-label="Dodaj do koszyka" data-testid="product-add-to-basket-button" class="PriceSection-module_cartBtn--LT628 snrs-add-to-cart" data-sku="399109" data-name="" data-regular-price="14.99" data-promo-price="11.99" data-omnibus-price="14.99" data-unit-price="1 szt. = 11,99 zł" data-link="/Produkt/Akcesoria-podrozne/Ideenwelt-wachlarz-Kolorowy-1-szt,399109,19249" data-img-link="https://pro-fra-s3-productsassets.rossmann.pl/product_1_medium/399109_360_350_1727371544.webp" data-labels="[&quot;TYLKO U NAS&quot;]" data-brand="IDEENWELT" data-caption="wachlarz, Kolorowy" data-unit="1 szt."><svg class="ui-icon " stroke-width="1.8" width="16" height="16" viewBox="0 0 24 24" preserveAspectRatio="" fill="none" stroke="currentColor" stroke-linecap="round" stroke-linejoin="round" overflow="visible"><path d="M3.5 9.47656L6.5 3.47656"></path><path d="M20.5 9.47656L17.5 3.47656"></path><path d="M21.5 12.4766H2.5L4.2 20.9836C4.30662 21.4208 4.56062 21.808 4.91924 22.0799C5.27786 22.3518 5.7192 22.4919 6.169 22.4766H17.831C18.2808 22.4919 18.7221 22.3518 19.0808 22.0799C19.4394 21.808 19.6934 21.4208 19.8 20.9836L21.5 12.4766Z"></path><path d="M21.5 9.47656H2.5C1.94772 9.47656 1.5 9.92428 1.5 10.4766V11.4766C1.5 12.0288 1.94772 12.4766 2.5 12.4766H21.5C22.0523 12.4766 22.5 12.0288 22.5 11.4766V10.4766C22.5 9.92428 22.0523 9.47656 21.5 9.47656Z"></path><path d="M12 15.4766V18.9766"></path><path d="M16.5 15.4766L16 18.9766"></path><path d="M7.5 15.4766L8 18.9766"></path></svg></button></div></div><div class="PriceDetailSection-module_section--GiX3L" data-testid="product-omnibus"><div class="tile-product__lowest-price"><div class="LowestPrice-module_text--cofnN LowestPrice-module_textSmall--57oJQ"><span>Najniższa cena: </span><span data-testid="lowest-price-in-30-days" class="LowestPrice-module_price--E4qKq ml-1"><span data-testid="product-price" class="styles-module_strike--3Okb2  styles-module_xxxSmall--DH55z styles-module_price--9IDpJ">14<span class="styles-module_price--9IDpJ">,99</span> <span>zł</span></span></span><button aria-label="Najniższa cena od wprowadzenia" data-state="closed" class="OmnibusTrigger-module_button--G5UaQ"><svg class="ui-icon " stroke-width="1.2" width="16" height="16" viewBox="0 0 24 24" preserveAspectRatio="" fill="none" stroke="currentColor" stroke-linecap="round" stroke-linejoin="round" overflow="visible"><path d="M12 22C17.5228 22 22 17.5228 22 12C22 6.47714 17.5228 2 12 2C6.47715 2 2 6.47714 2 12C2 17.5228 6.47715 22 12 22Z"></path><path d="M14 17H12.6667C12.4309 17 12.2048 16.8946 12.0381 16.7071C11.8715 16.5196 11.7778 16.2652 11.7778 16V10.5C11.7778 10.3674 11.7309 10.2402 11.6476 10.1465C11.5643 10.0527 11.4512 10 11.3333 10H10"></path><path d="M11.7415 7C11.6034 7 11.4915 6.88807 11.4915 6.75C11.4915 6.61193 11.6034 6.5 11.7415 6.5"></path><path d="M11.7415 7C11.8795 7 11.9915 6.88807 11.9915 6.75C11.9915 6.61193 11.8795 6.5 11.7415 6.5"></path></svg></button></div></div></div></div><div class="AvailabilitySection-module_section--IibdL AvailabilitySection-module_sectionRound--7ZN6d"><div class="AvailabilitySection-module_record--sV0gc"><div class="AvailabilitySection-module_icon--FClji AvailabilitySection-module_iconHigh--A0P1q"><svg class="ui-icon AvailabilitySection-module_iconCheck--68pbU" stroke-width="1.2" width=" 24" height="24" viewBox="0 0 24 24" preserveAspectRatio="" fill="none" stroke="currentColor" stroke-linecap="round" stroke-linejoin="round" overflow="visible"><path d="M12.6667 4.30981L5.97106 13.6431L3.33337 11.0055"></path></svg></div><div class="AvailabilitySection-module_text--zxru7 AvailabilitySection-module_textSmall--n1xcJ">Dostępny online</div></div><div class="AvailabilitySection-module_record--sV0gc"><div class="AvailabilitySection-module_icon--FClji AvailabilitySection-module_iconMedium--KUbf2"><svg class="ui-icon AvailabilitySection-module_iconExclamation--udHHV" stroke-width="1.2" width=" 24" height="24" viewBox="0 0 24 24" preserveAspectRatio="" fill="none" stroke="currentColor" stroke-linecap="round" stroke-linejoin="round" overflow="visible"><path d="M12 13V7" stroke="none"></path><path d="M11.9912 16.005C11.9585 16.0055 11.9262 16.0126 11.8963 16.0257C11.8664 16.0389 11.8394 16.0579 11.8169 16.0817C11.7945 16.1055 11.777 16.1335 11.7655 16.1641C11.7541 16.1947 11.7489 16.2273 11.7502 16.26C11.7525 16.3256 11.7802 16.3878 11.8273 16.4335C11.8745 16.4792 11.9375 16.5048 12.0032 16.505C12.0359 16.5044 12.0681 16.4972 12.0979 16.484C12.1278 16.4708 12.1547 16.4518 12.1772 16.428C12.1996 16.4043 12.2171 16.3763 12.2286 16.3458C12.2401 16.3152 12.2454 16.2826 12.2442 16.25C12.2422 16.1858 12.2159 16.1248 12.1706 16.0793C12.1253 16.0338 12.0644 16.0073 12.0002 16.005H11.9952" stroke="none"></path></svg></div><button class="AvailabilitySection-module_text--zxru7 AvailabilitySection-module_shopText--7jdjN AvailabilitySection-module_textSmall--n1xcJ">Sprawdź dostępność w drogerii</button></div></div></section></div></div></div><div class="swiper-slide ProductSlider-module_slideWithImage--jP2ra mb-4" style="margin-right: 16px;"><div class="ProductTile-module_tile--yFwR2 ProductTile-module_small--bAwXa ProductTile-module_round--R0J7y ProductTile-module_bt--7Rs6T ProductTile-module_br--DiNim ProductTile-module_bb--6rqC2 ProductTile-module_bl--VrBPG " data-testid="product-container"><section><div><div class="HeaderSection-module_headerSection--0ATl3"><div class="HeaderSection-module_badgesSection--2J8Ry"><span class="styles-module_badge--ptqlS styles-module_rossmann--AbYWx "><span>TYLKO U NAS</span></span></div><button aria-label="Dodaj do ulubionych" data-testid="product-add-to-favorites-button" class="HeaderSection-module_favoritesBtn--AtrEF snrs-add-to-fav" data-sku="399108"><svg class="icon HeaderSection-module_icon--izXrZ " width="22" height="20" viewBox="0 0 22 20" fill="none" xmlns="http://www.w3.org/2000/svg"><path d="M11.0002 19L2.47741 9.85496C1.72993 9.09105 1.23535 8.09895 1.06538 7.02248C0.89541 5.94601 1.05887 4.84111 1.53207 3.86794C1.89665 3.13055 2.42251 2.4928 3.0672 2.00617C3.7119 1.51954 4.45737 1.19766 5.24344 1.06652C6.02951 0.935373 6.83416 0.998637 7.59245 1.2512C8.35073 1.50376 9.04141 1.93855 9.60872 2.52047L11.0002 3.84257L12.3917 2.52047C12.9591 1.93874 13.6498 1.50411 14.408 1.25166C15.1663 0.999207 15.9708 0.935998 16.7569 1.06713C17.5429 1.19827 18.2883 1.52007 18.933 2.00658C19.5777 2.4931 20.1036 3.13069 20.4683 3.86794C20.9412 4.84117 21.1046 5.94601 20.9346 7.02241C20.7646 8.09882 20.2702 9.0909 19.523 9.85496L11.0002 19Z" stroke="currentColor" stroke-width="1.5" stroke-linecap="round" stroke-linejoin="round"></path></svg></button></div></div><div class="ProductTile-module_imageSection--4dy3j"><div class="ImageSection-module_imageSection--JW6B4 ImageSection-module_imageSectionSmall--wtsuO  "><a href="/Produkt/Akcesoria-podrozne/Ideenwelt-wachlarz-Granatowy-1-szt,399108,19249"><img loading="lazy" src="https://pro-fra-s3-productsassets.rossmann.pl/product_1_small/399108_338_190_1727371547.webp" alt="IDEENWELT ,wachlarz, Granatowy,przód" data-testid="product-image"></a><div class="ImageSection-module_cmpInfoWrapper---gDf+"></div></div></div><div><a href="/Produkt/Akcesoria-podrozne/Ideenwelt-wachlarz-Granatowy-1-szt,399108,19249"><div title="IDEENWELT " class="DescriptionSection-module_brand--+Edq7 DescriptionSection-module_brandSmall--J0DP7" data-testid="product-brand"><strong class="DescriptionSection-module_strongSmall--8u2H2">IDEENWELT </strong></div><div title="wachlarz, Granatowy" class="DescriptionSection-module_caption--t+QTb DescriptionSection-module_captionSmall--ClR1Q" data-testid="product-caption">wachlarz, Granatowy</div><div class="DescriptionSection-module_unitSmall--AyjB0" data-testid="product-unit">1 szt.</div></a></div></section><div class="ProductTile-module_priceBox--SIN7O"><section class="w-100 flex flex-column justify-content-between"><div><div class="PriceSection-module_priceSection--eIBii"><div class="PriceSection-module_priceContainer--SxUEN"><div class="PriceSection-module_priceBox--X1xEI" data-testid="product-current-price-wrapper"><span class="PriceSection-module_price--I18Do PriceSection-module_priceSmall--UhUP0 PriceSection-module_pricePromotion--4NEgk" data-testid="product-price"><span>11</span><span>,99 zł</span></span></div><span class="PriceSection-module_pricePerUnitSmall--GF40k" data-testid="product-price-per-unit">1 szt. = 11,99 zł</span></div><div><button aria-label="Dodaj do koszyka" data-testid="product-add-to-basket-button" class="PriceSection-module_cartBtn--LT628 snrs-add-to-cart" data-sku="399108" data-name="" data-regular-price="14.99" data-promo-price="11.99" data-omnibus-price="14.99" data-unit-price="1 szt. = 11,99 zł" data-link="/Produkt/Akcesoria-podrozne/Ideenwelt-wachlarz-Granatowy-1-szt,399108,19249" data-img-link="https://pro-fra-s3-productsassets.rossmann.pl/product_1_medium/399108_360_350_1727371548.webp" data-labels="[&quot;TYLKO U NAS&quot;]" data-brand="IDEENWELT" data-caption="wachlarz, Granatowy" data-unit="1 szt."><svg class="ui-icon " stroke-width="1.8" width="16" height="16" viewBox="0 0 24 24" preserveAspectRatio="" fill="none" stroke="currentColor" stroke-linecap="round" stroke-linejoin="round" overflow="visible"><path d="M3.5 9.47656L6.5 3.47656"></path><path d="M20.5 9.47656L17.5 3.47656"></path><path d="M21.5 12.4766H2.5L4.2 20.9836C4.30662 21.4208 4.56062 21.808 4.91924 22.0799C5.27786 22.3518 5.7192 22.4919 6.169 22.4766H17.831C18.2808 22.4919 18.7221 22.3518 19.0808 22.0799C19.4394 21.808 19.6934 21.4208 19.8 20.9836L21.5 12.4766Z"></path><path d="M21.5 9.47656H2.5C1.94772 9.47656 1.5 9.92428 1.5 10.4766V11.4766C1.5 12.0288 1.94772 12.4766 2.5 12.4766H21.5C22.0523 12.4766 22.5 12.0288 22.5 11.4766V10.4766C22.5 9.92428 22.0523 9.47656 21.5 9.47656Z"></path><path d="M12 15.4766V18.9766"></path><path d="M16.5 15.4766L16 18.9766"></path><path d="M7.5 15.4766L8 18.9766"></path></svg></button></div></div><div class="PriceDetailSection-module_section--GiX3L" data-testid="product-omnibus"><div class="tile-product__lowest-price"><div class="LowestPrice-module_text--cofnN LowestPrice-module_textSmall--57oJQ"><span>Najniższa cena: </span><span data-testid="lowest-price-in-30-days" class="LowestPrice-module_price--E4qKq ml-1"><span data-testid="product-price" class="styles-module_strike--3Okb2  styles-module_xxxSmall--DH55z styles-module_price--9IDpJ">14<span class="styles-module_price--9IDpJ">,99</span> <span>zł</span></span></span><button aria-label="Najniższa cena od wprowadzenia" data-state="closed" class="OmnibusTrigger-module_button--G5UaQ"><svg class="ui-icon " stroke-width="1.2" width="16" height="16" viewBox="0 0 24 24" preserveAspectRatio="" fill="none" stroke="currentColor" stroke-linecap="round" stroke-linejoin="round" overflow="visible"><path d="M12 22C17.5228 22 22 17.5228 22 12C22 6.47714 17.5228 2 12 2C6.47715 2 2 6.47714 2 12C2 17.5228 6.47715 22 12 22Z"></path><path d="M14 17H12.6667C12.4309 17 12.2048 16.8946 12.0381 16.7071C11.8715 16.5196 11.7778 16.2652 11.7778 16V10.5C11.7778 10.3674 11.7309 10.2402 11.6476 10.1465C11.5643 10.0527 11.4512 10 11.3333 10H10"></path><path d="M11.7415 7C11.6034 7 11.4915 6.88807 11.4915 6.75C11.4915 6.61193 11.6034 6.5 11.7415 6.5"></path><path d="M11.7415 7C11.8795 7 11.9915 6.88807 11.9915 6.75C11.9915 6.61193 11.8795 6.5 11.7415 6.5"></path></svg></button></div></div></div></div><div class="AvailabilitySection-module_section--IibdL AvailabilitySection-module_sectionRound--7ZN6d"><div class="AvailabilitySection-module_record--sV0gc"><div class="AvailabilitySection-module_icon--FClji AvailabilitySection-module_iconHigh--A0P1q"><svg class="ui-icon AvailabilitySection-module_iconCheck--68pbU" stroke-width="1.2" width=" 24" height="24" viewBox="0 0 24 24" preserveAspectRatio="" fill="none" stroke="currentColor" stroke-linecap="round" stroke-linejoin="round" overflow="visible"><path d="M12.6667 4.30981L5.97106 13.6431L3.33337 11.0055"></path></svg></div><div class="AvailabilitySection-module_text--zxru7 AvailabilitySection-module_textSmall--n1xcJ">Dostępny online</div></div><div class="AvailabilitySection-module_record--sV0gc"><div class="AvailabilitySection-module_icon--FClji AvailabilitySection-module_iconMedium--KUbf2"><svg class="ui-icon AvailabilitySection-module_iconExclamation--udHHV" stroke-width="1.2" width=" 24" height="24" viewBox="0 0 24 24" preserveAspectRatio="" fill="none" stroke="currentColor" stroke-linecap="round" stroke-linejoin="round" overflow="visible"><path d="M12 13V7" stroke="none"></path><path d="M11.9912 16.005C11.9585 16.0055 11.9262 16.0126 11.8963 16.0257C11.8664 16.0389 11.8394 16.0579 11.8169 16.0817C11.7945 16.1055 11.777 16.1335 11.7655 16.1641C11.7541 16.1947 11.7489 16.2273 11.7502 16.26C11.7525 16.3256 11.7802 16.3878 11.8273 16.4335C11.8745 16.4792 11.9375 16.5048 12.0032 16.505C12.0359 16.5044 12.0681 16.4972 12.0979 16.484C12.1278 16.4708 12.1547 16.4518 12.1772 16.428C12.1996 16.4043 12.2171 16.3763 12.2286 16.3458C12.2401 16.3152 12.2454 16.2826 12.2442 16.25C12.2422 16.1858 12.2159 16.1248 12.1706 16.0793C12.1253 16.0338 12.0644 16.0073 12.0002 16.005H11.9952" stroke="none"></path></svg></div><button class="AvailabilitySection-module_text--zxru7 AvailabilitySection-module_shopText--7jdjN AvailabilitySection-module_textSmall--n1xcJ">Sprawdź dostępność w drogerii</button></div></div></section></div></div></div><div class="swiper-slide ProductSlider-module_slideWithImage--jP2ra mb-4" style="margin-right: 16px;"><div class="ProductTile-module_tile--yFwR2 ProductTile-module_small--bAwXa ProductTile-module_round--R0J7y ProductTile-module_bt--7Rs6T ProductTile-module_br--DiNim ProductTile-module_bb--6rqC2 ProductTile-module_bl--VrBPG " data-testid="product-container"><section><div><div class="HeaderSection-module_headerSection--0ATl3"><div class="HeaderSection-module_badgesSection--2J8Ry"><span class="styles-module_badge--ptqlS styles-module_rossmann--AbYWx "><span>TYLKO U NAS</span></span></div><button aria-label="Dodaj do ulubionych" data-testid="product-add-to-favorites-button" class="HeaderSection-module_favoritesBtn--AtrEF snrs-add-to-fav" data-sku="2098067"><svg class="icon HeaderSection-module_icon--izXrZ " width="22" height="20" viewBox="0 0 22 20" fill="none" xmlns="http://www.w3.org/2000/svg"><path d="M11.0002 19L2.47741 9.85496C1.72993 9.09105 1.23535 8.09895 1.06538 7.02248C0.89541 5.94601 1.05887 4.84111 1.53207 3.86794C1.89665 3.13055 2.42251 2.4928 3.0672 2.00617C3.7119 1.51954 4.45737 1.19766 5.24344 1.06652C6.02951 0.935373 6.83416 0.998637 7.59245 1.2512C8.35073 1.50376 9.04141 1.93855 9.60872 2.52047L11.0002 3.84257L12.3917 2.52047C12.9591 1.93874 13.6498 1.50411 14.408 1.25166C15.1663 0.999207 15.9708 0.935998 16.7569 1.06713C17.5429 1.19827 18.2883 1.52007 18.933 2.00658C19.5777 2.4931 20.1036 3.13069 20.4683 3.86794C20.9412 4.84117 21.1046 5.94601 20.9346 7.02241C20.7646 8.09882 20.2702 9.0909 19.523 9.85496L11.0002 19Z" stroke="currentColor" stroke-width="1.5" stroke-linecap="round" stroke-linejoin="round"></path></svg></button></div></div><div class="ProductTile-module_imageSection--4dy3j"><div class="ImageSection-module_imageSection--JW6B4 ImageSection-module_imageSectionSmall--wtsuO  "><a href="/Produkt/Akcesoria/Ideenwelt-silikonowa-mata-pod-miske-dla-zwierzat-domowych-1-szt,2098067,19132"><img loading="lazy" src="https://pro-fra-s3-productsassets.rossmann.pl/product_7_small/2098067_338_190_1751618890.webp" alt="IDEENWELT ,silikonowa mata pod miskę dla zwierząt domowych,kompozycja-2" data-testid="product-image"></a><div class="ImageSection-module_cmpInfoWrapper---gDf+"></div></div></div><div><a href="/Produkt/Akcesoria/Ideenwelt-silikonowa-mata-pod-miske-dla-zwierzat-domowych-1-szt,2098067,19132"><div title="IDEENWELT " class="DescriptionSection-module_brand--+Edq7 DescriptionSection-module_brandSmall--J0DP7" data-testid="product-brand"><strong class="DescriptionSection-module_strongSmall--8u2H2">IDEENWELT </strong></div><div title="silikonowa mata pod miskę dla zwierząt domowych" class="DescriptionSection-module_caption--t+QTb DescriptionSection-module_captionSmall--ClR1Q" data-testid="product-caption">silikonowa mata pod miskę dla zwierząt domowych</div><div class="DescriptionSection-module_unitSmall--AyjB0" data-testid="product-unit">1 szt.</div></a></div></section><div class="ProductTile-module_priceBox--SIN7O"><section class="w-100 flex flex-column justify-content-between"><div><div class="PriceSection-module_priceSection--eIBii"><div class="PriceSection-module_priceContainer--SxUEN"><div class="PriceSection-module_priceBox--X1xEI" data-testid="product-current-price-wrapper"><span class="PriceSection-module_price--I18Do PriceSection-module_priceSmall--UhUP0 PriceSection-module_pricePromotion--4NEgk" data-testid="product-price"><span>19</span><span>,99 zł</span></span></div><span class="PriceSection-module_pricePerUnitSmall--GF40k" data-testid="product-price-per-unit">1 szt. = 19,99 zł</span></div><div><button aria-label="Dodaj do koszyka" data-testid="product-add-to-basket-button" class="PriceSection-module_cartBtn--LT628 snrs-add-to-cart" data-sku="2098067" data-name="" data-regular-price="24.99" data-promo-price="19.99" data-omnibus-price="24.99" data-unit-price="1 szt. = 19,99 zł" data-link="/Produkt/Akcesoria/Ideenwelt-silikonowa-mata-pod-miske-dla-zwierzat-domowych-1-szt,2098067,19132" data-img-link="https://pro-fra-s3-productsassets.rossmann.pl/product_7_medium/2098067_360_350_1751618893.webp" data-labels="[&quot;TYLKO U NAS&quot;]" data-brand="IDEENWELT" data-caption="silikonowa mata pod miskę dla zwierząt domowych" data-unit="1 szt."><svg class="ui-icon " stroke-width="1.8" width="16" height="16" viewBox="0 0 24 24" preserveAspectRatio="" fill="none" stroke="currentColor" stroke-linecap="round" stroke-linejoin="round" overflow="visible"><path d="M3.5 9.47656L6.5 3.47656"></path><path d="M20.5 9.47656L17.5 3.47656"></path><path d="M21.5 12.4766H2.5L4.2 20.9836C4.30662 21.4208 4.56062 21.808 4.91924 22.0799C5.27786 22.3518 5.7192 22.4919 6.169 22.4766H17.831C18.2808 22.4919 18.7221 22.3518 19.0808 22.0799C19.4394 21.808 19.6934 21.4208 19.8 20.9836L21.5 12.4766Z"></path><path d="M21.5 9.47656H2.5C1.94772 9.47656 1.5 9.92428 1.5 10.4766V11.4766C1.5 12.0288 1.94772 12.4766 2.5 12.4766H21.5C22.0523 12.4766 22.5 12.0288 22.5 11.4766V10.4766C22.5 9.92428 22.0523 9.47656 21.5 9.47656Z"></path><path d="M12 15.4766V18.9766"></path><path d="M16.5 15.4766L16 18.9766"></path><path d="M7.5 15.4766L8 18.9766"></path></svg></button></div></div><div class="PriceDetailSection-module_section--GiX3L" data-testid="product-omnibus"><div class="tile-product__lowest-price"><div class="LowestPrice-module_text--cofnN LowestPrice-module_textSmall--57oJQ"><span>Najniższa cena: </span><span data-testid="lowest-price-in-30-days" class="LowestPrice-module_price--E4qKq ml-1"><span data-testid="product-price" class="styles-module_strike--3Okb2  styles-module_xxxSmall--DH55z styles-module_price--9IDpJ">24<span class="styles-module_price--9IDpJ">,99</span> <span>zł</span></span></span><button aria-label="Najniższa cena od wprowadzenia" data-state="closed" class="OmnibusTrigger-module_button--G5UaQ"><svg class="ui-icon " stroke-width="1.2" width="16" height="16" viewBox="0 0 24 24" preserveAspectRatio="" fill="none" stroke="currentColor" stroke-linecap="round" stroke-linejoin="round" overflow="visible"><path d="M12 22C17.5228 22 22 17.5228 22 12C22 6.47714 17.5228 2 12 2C6.47715 2 2 6.47714 2 12C2 17.5228 6.47715 22 12 22Z"></path><path d="M14 17H12.6667C12.4309 17 12.2048 16.8946 12.0381 16.7071C11.8715 16.5196 11.7778 16.2652 11.7778 16V10.5C11.7778 10.3674 11.7309 10.2402 11.6476 10.1465C11.5643 10.0527 11.4512 10 11.3333 10H10"></path><path d="M11.7415 7C11.6034 7 11.4915 6.88807 11.4915 6.75C11.4915 6.61193 11.6034 6.5 11.7415 6.5"></path><path d="M11.7415 7C11.8795 7 11.9915 6.88807 11.9915 6.75C11.9915 6.61193 11.8795 6.5 11.7415 6.5"></path></svg></button></div></div></div></div><div class="AvailabilitySection-module_section--IibdL AvailabilitySection-module_sectionRound--7ZN6d"><div class="AvailabilitySection-module_record--sV0gc"><div class="AvailabilitySection-module_icon--FClji AvailabilitySection-module_iconHigh--A0P1q"><svg class="ui-icon AvailabilitySection-module_iconCheck--68pbU" stroke-width="1.2" width=" 24" height="24" viewBox="0 0 24 24" preserveAspectRatio="" fill="none" stroke="currentColor" stroke-linecap="round" stroke-linejoin="round" overflow="visible"><path d="M12.6667 4.30981L5.97106 13.6431L3.33337 11.0055"></path></svg></div><div class="AvailabilitySection-module_text--zxru7 AvailabilitySection-module_textSmall--n1xcJ">Dostępny online</div></div><div class="AvailabilitySection-module_record--sV0gc"><div class="AvailabilitySection-module_icon--FClji AvailabilitySection-module_iconMedium--KUbf2"><svg class="ui-icon AvailabilitySection-module_iconExclamation--udHHV" stroke-width="1.2" width=" 24" height="24" viewBox="0 0 24 24" preserveAspectRatio="" fill="none" stroke="currentColor" stroke-linecap="round" stroke-linejoin="round" overflow="visible"><path d="M12 13V7" stroke="none"></path><path d="M11.9912 16.005C11.9585 16.0055 11.9262 16.0126 11.8963 16.0257C11.8664 16.0389 11.8394 16.0579 11.8169 16.0817C11.7945 16.1055 11.777 16.1335 11.7655 16.1641C11.7541 16.1947 11.7489 16.2273 11.7502 16.26C11.7525 16.3256 11.7802 16.3878 11.8273 16.4335C11.8745 16.4792 11.9375 16.5048 12.0032 16.505C12.0359 16.5044 12.0681 16.4972 12.0979 16.484C12.1278 16.4708 12.1547 16.4518 12.1772 16.428C12.1996 16.4043 12.2171 16.3763 12.2286 16.3458C12.2401 16.3152 12.2454 16.2826 12.2442 16.25C12.2422 16.1858 12.2159 16.1248 12.1706 16.0793C12.1253 16.0338 12.0644 16.0073 12.0002 16.005H11.9952" stroke="none"></path></svg></div><button class="AvailabilitySection-module_text--zxru7 AvailabilitySection-module_shopText--7jdjN AvailabilitySection-module_textSmall--n1xcJ">Sprawdź dostępność w drogerii</button></div></div></section></div></div></div><div class="swiper-slide ProductSlider-module_slideWithImage--jP2ra mb-4" style="margin-right: 16px;"><div class="ProductTile-module_tile--yFwR2 ProductTile-module_small--bAwXa ProductTile-module_round--R0J7y ProductTile-module_bt--7Rs6T ProductTile-module_br--DiNim ProductTile-module_bb--6rqC2 ProductTile-module_bl--VrBPG " data-testid="product-container"><section><div><div class="HeaderSection-module_headerSection--0ATl3"><div class="HeaderSection-module_badgesSection--2J8Ry"><span class="styles-module_badge--ptqlS styles-module_rossmann--AbYWx "><span>TYLKO U NAS</span></span></div><button aria-label="Dodaj do ulubionych" data-testid="product-add-to-favorites-button" class="HeaderSection-module_favoritesBtn--AtrEF snrs-add-to-fav" data-sku="2105054"><svg class="icon HeaderSection-module_icon--izXrZ " width="22" height="20" viewBox="0 0 22 20" fill="none" xmlns="http://www.w3.org/2000/svg"><path d="M11.0002 19L2.47741 9.85496C1.72993 9.09105 1.23535 8.09895 1.06538 7.02248C0.89541 5.94601 1.05887 4.84111 1.53207 3.86794C1.89665 3.13055 2.42251 2.4928 3.0672 2.00617C3.7119 1.51954 4.45737 1.19766 5.24344 1.06652C6.02951 0.935373 6.83416 0.998637 7.59245 1.2512C8.35073 1.50376 9.04141 1.93855 9.60872 2.52047L11.0002 3.84257L12.3917 2.52047C12.9591 1.93874 13.6498 1.50411 14.408 1.25166C15.1663 0.999207 15.9708 0.935998 16.7569 1.06713C17.5429 1.19827 18.2883 1.52007 18.933 2.00658C19.5777 2.4931 20.1036 3.13069 20.4683 3.86794C20.9412 4.84117 21.1046 5.94601 20.9346 7.02241C20.7646 8.09882 20.2702 9.0909 19.523 9.85496L11.0002 19Z" stroke="currentColor" stroke-width="1.5" stroke-linecap="round" stroke-linejoin="round"></path></svg></button></div></div><div class="ProductTile-module_imageSection--4dy3j"><div class="ImageSection-module_imageSection--JW6B4 ImageSection-module_imageSectionSmall--wtsuO  "><a href="/Produkt/Zabawki-plastyczne/Ideenwelt-zestaw-do-kolorowania-okien-przez-caly-rok-1-szt,2105054,19263"><img loading="lazy" src="https://pro-fra-s3-productsassets.rossmann.pl/product_1_small/2105054_338_190_1751547597.webp" alt="IDEENWELT ,zestaw do kolorowania okien przez cały rok,przód" data-testid="product-image"></a><div class="ImageSection-module_cmpInfoWrapper---gDf+"></div></div></div><div><a href="/Produkt/Zabawki-plastyczne/Ideenwelt-zestaw-do-kolorowania-okien-przez-caly-rok-1-szt,2105054,19263"><div title="IDEENWELT " class="DescriptionSection-module_brand--+Edq7 DescriptionSection-module_brandSmall--J0DP7" data-testid="product-brand"><strong class="DescriptionSection-module_strongSmall--8u2H2">IDEENWELT </strong></div><div title="zestaw do kolorowania okien przez cały rok" class="DescriptionSection-module_caption--t+QTb DescriptionSection-module_captionSmall--ClR1Q" data-testid="product-caption">zestaw do kolorowania okien przez cały rok</div><div class="DescriptionSection-module_unitSmall--AyjB0" data-testid="product-unit">1 szt.</div></a></div></section><div class="ProductTile-module_priceBox--SIN7O"><section class="w-100 flex flex-column justify-content-between"><div><div class="PriceSection-module_priceSection--eIBii"><div class="PriceSection-module_priceContainer--SxUEN"><div class="PriceSection-module_priceBox--X1xEI" data-testid="product-current-price-wrapper"><span class="PriceSection-module_price--I18Do PriceSection-module_priceSmall--UhUP0 PriceSection-module_pricePromotion--4NEgk" data-testid="product-price"><span>12</span><span>,99 zł</span></span></div><span class="PriceSection-module_pricePerUnitSmall--GF40k" data-testid="product-price-per-unit">1 szt. = 12,99 zł</span></div><div><button aria-label="Dodaj do koszyka" data-testid="product-add-to-basket-button" class="PriceSection-module_cartBtn--LT628 snrs-add-to-cart" data-sku="2105054" data-name="" data-regular-price="15.99" data-promo-price="12.99" data-omnibus-price="15.99" data-unit-price="1 szt. = 12,99 zł" data-link="/Produkt/Zabawki-plastyczne/Ideenwelt-zestaw-do-kolorowania-okien-przez-caly-rok-1-szt,2105054,19263" data-img-link="https://pro-fra-s3-productsassets.rossmann.pl/product_1_medium/2105054_360_350_1751547600.webp" data-labels="[&quot;TYLKO U NAS&quot;]" data-brand="IDEENWELT" data-caption="zestaw do kolorowania okien przez cały rok" data-unit="1 szt."><svg class="ui-icon " stroke-width="1.8" width="16" height="16" viewBox="0 0 24 24" preserveAspectRatio="" fill="none" stroke="currentColor" stroke-linecap="round" stroke-linejoin="round" overflow="visible"><path d="M3.5 9.47656L6.5 3.47656"></path><path d="M20.5 9.47656L17.5 3.47656"></path><path d="M21.5 12.4766H2.5L4.2 20.9836C4.30662 21.4208 4.56062 21.808 4.91924 22.0799C5.27786 22.3518 5.7192 22.4919 6.169 22.4766H17.831C18.2808 22.4919 18.7221 22.3518 19.0808 22.0799C19.4394 21.808 19.6934 21.4208 19.8 20.9836L21.5 12.4766Z"></path><path d="M21.5 9.47656H2.5C1.94772 9.47656 1.5 9.92428 1.5 10.4766V11.4766C1.5 12.0288 1.94772 12.4766 2.5 12.4766H21.5C22.0523 12.4766 22.5 12.0288 22.5 11.4766V10.4766C22.5 9.92428 22.0523 9.47656 21.5 9.47656Z"></path><path d="M12 15.4766V18.9766"></path><path d="M16.5 15.4766L16 18.9766"></path><path d="M7.5 15.4766L8 18.9766"></path></svg></button></div></div><div class="PriceDetailSection-module_section--GiX3L" data-testid="product-omnibus"><div class="tile-product__lowest-price"><div class="LowestPrice-module_text--cofnN LowestPrice-module_textSmall--57oJQ"><span>Najniższa cena: </span><span data-testid="lowest-price-in-30-days" class="LowestPrice-module_price--E4qKq ml-1"><span data-testid="product-price" class="styles-module_strike--3Okb2  styles-module_xxxSmall--DH55z styles-module_price--9IDpJ">15<span class="styles-module_price--9IDpJ">,99</span> <span>zł</span></span></span><button aria-label="Najniższa cena od wprowadzenia" data-state="closed" class="OmnibusTrigger-module_button--G5UaQ"><svg class="ui-icon " stroke-width="1.2" width="16" height="16" viewBox="0 0 24 24" preserveAspectRatio="" fill="none" stroke="currentColor" stroke-linecap="round" stroke-linejoin="round" overflow="visible"><path d="M12 22C17.5228 22 22 17.5228 22 12C22 6.47714 17.5228 2 12 2C6.47715 2 2 6.47714 2 12C2 17.5228 6.47715 22 12 22Z"></path><path d="M14 17H12.6667C12.4309 17 12.2048 16.8946 12.0381 16.7071C11.8715 16.5196 11.7778 16.2652 11.7778 16V10.5C11.7778 10.3674 11.7309 10.2402 11.6476 10.1465C11.5643 10.0527 11.4512 10 11.3333 10H10"></path><path d="M11.7415 7C11.6034 7 11.4915 6.88807 11.4915 6.75C11.4915 6.61193 11.6034 6.5 11.7415 6.5"></path><path d="M11.7415 7C11.8795 7 11.9915 6.88807 11.9915 6.75C11.9915 6.61193 11.8795 6.5 11.7415 6.5"></path></svg></button></div></div></div></div><div class="AvailabilitySection-module_section--IibdL AvailabilitySection-module_sectionRound--7ZN6d"><div class="AvailabilitySection-module_record--sV0gc"><div class="AvailabilitySection-module_icon--FClji AvailabilitySection-module_iconHigh--A0P1q"><svg class="ui-icon AvailabilitySection-module_iconCheck--68pbU" stroke-width="1.2" width=" 24" height="24" viewBox="0 0 24 24" preserveAspectRatio="" fill="none" stroke="currentColor" stroke-linecap="round" stroke-linejoin="round" overflow="visible"><path d="M12.6667 4.30981L5.97106 13.6431L3.33337 11.0055"></path></svg></div><div class="AvailabilitySection-module_text--zxru7 AvailabilitySection-module_textSmall--n1xcJ">Dostępny online</div></div><div class="AvailabilitySection-module_record--sV0gc"><div class="AvailabilitySection-module_icon--FClji AvailabilitySection-module_iconMedium--KUbf2"><svg class="ui-icon AvailabilitySection-module_iconExclamation--udHHV" stroke-width="1.2" width=" 24" height="24" viewBox="0 0 24 24" preserveAspectRatio="" fill="none" stroke="currentColor" stroke-linecap="round" stroke-linejoin="round" overflow="visible"><path d="M12 13V7" stroke="none"></path><path d="M11.9912 16.005C11.9585 16.0055 11.9262 16.0126 11.8963 16.0257C11.8664 16.0389 11.8394 16.0579 11.8169 16.0817C11.7945 16.1055 11.777 16.1335 11.7655 16.1641C11.7541 16.1947 11.7489 16.2273 11.7502 16.26C11.7525 16.3256 11.7802 16.3878 11.8273 16.4335C11.8745 16.4792 11.9375 16.5048 12.0032 16.505C12.0359 16.5044 12.0681 16.4972 12.0979 16.484C12.1278 16.4708 12.1547 16.4518 12.1772 16.428C12.1996 16.4043 12.2171 16.3763 12.2286 16.3458C12.2401 16.3152 12.2454 16.2826 12.2442 16.25C12.2422 16.1858 12.2159 16.1248 12.1706 16.0793C12.1253 16.0338 12.0644 16.0073 12.0002 16.005H11.9952" stroke="none"></path></svg></div><button class="AvailabilitySection-module_text--zxru7 AvailabilitySection-module_shopText--7jdjN AvailabilitySection-module_textSmall--n1xcJ">Sprawdź dostępność w drogerii</button></div></div></section></div></div></div><div class="swiper-slide ProductSlider-module_slideWithImage--jP2ra mb-4" style="margin-right: 16px;"><div class="ProductTile-module_tile--yFwR2 ProductTile-module_small--bAwXa ProductTile-module_round--R0J7y ProductTile-module_bt--7Rs6T ProductTile-module_br--DiNim ProductTile-module_bb--6rqC2 ProductTile-module_bl--VrBPG " data-testid="product-container"><section><div><div class="HeaderSection-module_headerSection--0ATl3"><div class="HeaderSection-module_badgesSection--2J8Ry"><span class="styles-module_badge--ptqlS styles-module_rossmann--AbYWx "><span>TYLKO U NAS</span></span></div><button aria-label="Dodaj do ulubionych" data-testid="product-add-to-favorites-button" class="HeaderSection-module_favoritesBtn--AtrEF snrs-add-to-fav" data-sku="2100500"><svg class="icon HeaderSection-module_icon--izXrZ " width="22" height="20" viewBox="0 0 22 20" fill="none" xmlns="http://www.w3.org/2000/svg"><path d="M11.0002 19L2.47741 9.85496C1.72993 9.09105 1.23535 8.09895 1.06538 7.02248C0.89541 5.94601 1.05887 4.84111 1.53207 3.86794C1.89665 3.13055 2.42251 2.4928 3.0672 2.00617C3.7119 1.51954 4.45737 1.19766 5.24344 1.06652C6.02951 0.935373 6.83416 0.998637 7.59245 1.2512C8.35073 1.50376 9.04141 1.93855 9.60872 2.52047L11.0002 3.84257L12.3917 2.52047C12.9591 1.93874 13.6498 1.50411 14.408 1.25166C15.1663 0.999207 15.9708 0.935998 16.7569 1.06713C17.5429 1.19827 18.2883 1.52007 18.933 2.00658C19.5777 2.4931 20.1036 3.13069 20.4683 3.86794C20.9412 4.84117 21.1046 5.94601 20.9346 7.02241C20.7646 8.09882 20.2702 9.0909 19.523 9.85496L11.0002 19Z" stroke="currentColor" stroke-width="1.5" stroke-linecap="round" stroke-linejoin="round"></path></svg></button></div></div><div class="ProductTile-module_imageSection--4dy3j"><div class="ImageSection-module_imageSection--JW6B4 ImageSection-module_imageSectionSmall--wtsuO  "><a href="/Produkt/Pokrowce/Ideenwelt-pokrowiec-na-rower-1-szt,2100500,19199"><img loading="lazy" src="https://pro-fra-s3-productsassets.rossmann.pl/product_1_small/2100500_338_190_1753952756.webp" alt="IDEENWELT ,pokrowiec na rower,przód" data-testid="product-image"></a><div class="ImageSection-module_cmpInfoWrapper---gDf+"></div></div></div><div><a href="/Produkt/Pokrowce/Ideenwelt-pokrowiec-na-rower-1-szt,2100500,19199"><div title="IDEENWELT " class="DescriptionSection-module_brand--+Edq7 DescriptionSection-module_brandSmall--J0DP7" data-testid="product-brand"><strong class="DescriptionSection-module_strongSmall--8u2H2">IDEENWELT </strong></div><div title="pokrowiec na rower" class="DescriptionSection-module_caption--t+QTb DescriptionSection-module_captionSmall--ClR1Q" data-testid="product-caption">pokrowiec na rower</div><div class="DescriptionSection-module_unitSmall--AyjB0" data-testid="product-unit">1 szt.</div></a></div></section><div class="ProductTile-module_priceBox--SIN7O"><section class="w-100 flex flex-column justify-content-between"><div><div class="PriceSection-module_priceSection--eIBii"><div class="PriceSection-module_priceContainer--SxUEN"><div class="PriceSection-module_priceBox--X1xEI" data-testid="product-current-price-wrapper"><span class="PriceSection-module_price--I18Do PriceSection-module_priceSmall--UhUP0 PriceSection-module_pricePromotion--4NEgk" data-testid="product-price"><span>17</span><span>,49 zł</span></span></div><span class="PriceSection-module_pricePerUnitSmall--GF40k" data-testid="product-price-per-unit">1 szt. = 17,49 zł</span></div><div><button aria-label="Dodaj do koszyka" data-testid="product-add-to-basket-button" class="PriceSection-module_cartBtn--LT628 snrs-add-to-cart" data-sku="2100500" data-name="" data-regular-price="24.99" data-promo-price="17.49" data-omnibus-price="17.99" data-unit-price="1 szt. = 17,49 zł" data-link="/Produkt/Pokrowce/Ideenwelt-pokrowiec-na-rower-1-szt,2100500,19199" data-img-link="https://pro-fra-s3-productsassets.rossmann.pl/product_1_medium/2100500_360_350_1753952758.webp" data-labels="[&quot;TYLKO U NAS&quot;]" data-brand="IDEENWELT" data-caption="pokrowiec na rower" data-unit="1 szt."><svg class="ui-icon " stroke-width="1.8" width="16" height="16" viewBox="0 0 24 24" preserveAspectRatio="" fill="none" stroke="currentColor" stroke-linecap="round" stroke-linejoin="round" overflow="visible"><path d="M3.5 9.47656L6.5 3.47656"></path><path d="M20.5 9.47656L17.5 3.47656"></path><path d="M21.5 12.4766H2.5L4.2 20.9836C4.30662 21.4208 4.56062 21.808 4.91924 22.0799C5.27786 22.3518 5.7192 22.4919 6.169 22.4766H17.831C18.2808 22.4919 18.7221 22.3518 19.0808 22.0799C19.4394 21.808 19.6934 21.4208 19.8 20.9836L21.5 12.4766Z"></path><path d="M21.5 9.47656H2.5C1.94772 9.47656 1.5 9.92428 1.5 10.4766V11.4766C1.5 12.0288 1.94772 12.4766 2.5 12.4766H21.5C22.0523 12.4766 22.5 12.0288 22.5 11.4766V10.4766C22.5 9.92428 22.0523 9.47656 21.5 9.47656Z"></path><path d="M12 15.4766V18.9766"></path><path d="M16.5 15.4766L16 18.9766"></path><path d="M7.5 15.4766L8 18.9766"></path></svg></button></div></div><div class="PriceDetailSection-module_section--GiX3L" data-testid="product-omnibus"><div class="tile-product__lowest-price"><div class="BasicPrice-module_text--3+PZK BasicPrice-module_textSmall--i6ihL"><span>Cena&nbsp;regularna:</span><span data-testid="basic-price" class="BasicPrice-module_price--QC1tg"><span data-testid="product-price" class="styles-module_strike--3Okb2  styles-module_xxxSmall--DH55z styles-module_price--9IDpJ">24<span class="styles-module_price--9IDpJ">,99</span> <span>zł</span></span></span></div></div><div class="tile-product__lowest-price"><div class="LowestPrice-module_text--cofnN LowestPrice-module_textSmall--57oJQ"><span>Najniższa cena: </span><span data-testid="lowest-price-in-30-days" class="LowestPrice-module_price--E4qKq ml-1"><span data-testid="product-price" class="styles-module_strike--3Okb2  styles-module_xxxSmall--DH55z styles-module_price--9IDpJ">17<span class="styles-module_price--9IDpJ">,99</span> <span>zł</span></span></span><button aria-label="Najniższa cena od wprowadzenia" data-state="closed" class="OmnibusTrigger-module_button--G5UaQ"><svg class="ui-icon " stroke-width="1.2" width="16" height="16" viewBox="0 0 24 24" preserveAspectRatio="" fill="none" stroke="currentColor" stroke-linecap="round" stroke-linejoin="round" overflow="visible"><path d="M12 22C17.5228 22 22 17.5228 22 12C22 6.47714 17.5228 2 12 2C6.47715 2 2 6.47714 2 12C2 17.5228 6.47715 22 12 22Z"></path><path d="M14 17H12.6667C12.4309 17 12.2048 16.8946 12.0381 16.7071C11.8715 16.5196 11.7778 16.2652 11.7778 16V10.5C11.7778 10.3674 11.7309 10.2402 11.6476 10.1465C11.5643 10.0527 11.4512 10 11.3333 10H10"></path><path d="M11.7415 7C11.6034 7 11.4915 6.88807 11.4915 6.75C11.4915 6.61193 11.6034 6.5 11.7415 6.5"></path><path d="M11.7415 7C11.8795 7 11.9915 6.88807 11.9915 6.75C11.9915 6.61193 11.8795 6.5 11.7415 6.5"></path></svg></button></div></div></div></div><div class="AvailabilitySection-module_section--IibdL AvailabilitySection-module_sectionRound--7ZN6d"><div class="AvailabilitySection-module_record--sV0gc"><div class="AvailabilitySection-module_icon--FClji AvailabilitySection-module_iconHigh--A0P1q"><svg class="ui-icon AvailabilitySection-module_iconCheck--68pbU" stroke-width="1.2" width=" 24" height="24" viewBox="0 0 24 24" preserveAspectRatio="" fill="none" stroke="currentColor" stroke-linecap="round" stroke-linejoin="round" overflow="visible"><path d="M12.6667 4.30981L5.97106 13.6431L3.33337 11.0055"></path></svg></div><div class="AvailabilitySection-module_text--zxru7 AvailabilitySection-module_textSmall--n1xcJ">Dostępny online</div></div><div class="AvailabilitySection-module_record--sV0gc"><div class="AvailabilitySection-module_icon--FClji AvailabilitySection-module_iconMedium--KUbf2"><svg class="ui-icon AvailabilitySection-module_iconExclamation--udHHV" stroke-width="1.2" width=" 24" height="24" viewBox="0 0 24 24" preserveAspectRatio="" fill="none" stroke="currentColor" stroke-linecap="round" stroke-linejoin="round" overflow="visible"><path d="M12 13V7" stroke="none"></path><path d="M11.9912 16.005C11.9585 16.0055 11.9262 16.0126 11.8963 16.0257C11.8664 16.0389 11.8394 16.0579 11.8169 16.0817C11.7945 16.1055 11.777 16.1335 11.7655 16.1641C11.7541 16.1947 11.7489 16.2273 11.7502 16.26C11.7525 16.3256 11.7802 16.3878 11.8273 16.4335C11.8745 16.4792 11.9375 16.5048 12.0032 16.505C12.0359 16.5044 12.0681 16.4972 12.0979 16.484C12.1278 16.4708 12.1547 16.4518 12.1772 16.428C12.1996 16.4043 12.2171 16.3763 12.2286 16.3458C12.2401 16.3152 12.2454 16.2826 12.2442 16.25C12.2422 16.1858 12.2159 16.1248 12.1706 16.0793C12.1253 16.0338 12.0644 16.0073 12.0002 16.005H11.9952" stroke="none"></path></svg></div><button class="AvailabilitySection-module_text--zxru7 AvailabilitySection-module_shopText--7jdjN AvailabilitySection-module_textSmall--n1xcJ">Sprawdź dostępność w drogerii</button></div></div></section></div></div></div><div class="swiper-slide ProductSlider-module_slideWithImage--jP2ra mb-4" style="margin-right: 16px;"><div class="ProductTile-module_tile--yFwR2 ProductTile-module_small--bAwXa ProductTile-module_round--R0J7y ProductTile-module_bt--7Rs6T ProductTile-module_br--DiNim ProductTile-module_bb--6rqC2 ProductTile-module_bl--VrBPG " data-testid="product-container"><section><div><div class="HeaderSection-module_headerSection--0ATl3"><div class="HeaderSection-module_badgesSection--2J8Ry"><span class="styles-module_badge--ptqlS styles-module_rossmann--AbYWx "><span>TYLKO U NAS</span></span></div><button aria-label="Dodaj do ulubionych" data-testid="product-add-to-favorites-button" class="HeaderSection-module_favoritesBtn--AtrEF snrs-add-to-fav" data-sku="2098069"><svg class="icon HeaderSection-module_icon--izXrZ " width="22" height="20" viewBox="0 0 22 20" fill="none" xmlns="http://www.w3.org/2000/svg"><path d="M11.0002 19L2.47741 9.85496C1.72993 9.09105 1.23535 8.09895 1.06538 7.02248C0.89541 5.94601 1.05887 4.84111 1.53207 3.86794C1.89665 3.13055 2.42251 2.4928 3.0672 2.00617C3.7119 1.51954 4.45737 1.19766 5.24344 1.06652C6.02951 0.935373 6.83416 0.998637 7.59245 1.2512C8.35073 1.50376 9.04141 1.93855 9.60872 2.52047L11.0002 3.84257L12.3917 2.52047C12.9591 1.93874 13.6498 1.50411 14.408 1.25166C15.1663 0.999207 15.9708 0.935998 16.7569 1.06713C17.5429 1.19827 18.2883 1.52007 18.933 2.00658C19.5777 2.4931 20.1036 3.13069 20.4683 3.86794C20.9412 4.84117 21.1046 5.94601 20.9346 7.02241C20.7646 8.09882 20.2702 9.0909 19.523 9.85496L11.0002 19Z" stroke="currentColor" stroke-width="1.5" stroke-linecap="round" stroke-linejoin="round"></path></svg></button></div></div><div class="ProductTile-module_imageSection--4dy3j"><div class="ImageSection-module_imageSection--JW6B4 ImageSection-module_imageSectionSmall--wtsuO  "><a href="/Produkt/Akcesoria/Ideenwelt-pokrowiec-na-fotel-samochodowy-dla-zwierzat-wym-ok-165x145cm-1-szt,2098069,19132"><img loading="lazy" src="https://pro-fra-s3-productsassets.rossmann.pl/product_1_small/2098069_338_190_1751459766.webp" alt="IDEENWELT ,pokrowiec na fotel samochodowy, dla zwierząt, wym. ok 165x145cm,przód" data-testid="product-image"></a><div class="ImageSection-module_cmpInfoWrapper---gDf+"></div></div></div><div><a href="/Produkt/Akcesoria/Ideenwelt-pokrowiec-na-fotel-samochodowy-dla-zwierzat-wym-ok-165x145cm-1-szt,2098069,19132"><div title="IDEENWELT " class="DescriptionSection-module_brand--+Edq7 DescriptionSection-module_brandSmall--J0DP7" data-testid="product-brand"><strong class="DescriptionSection-module_strongSmall--8u2H2">IDEENWELT </strong></div><div title="pokrowiec na fotel samochodowy, dla zwierząt, wym. ok 165x145cm" class="DescriptionSection-module_caption--t+QTb DescriptionSection-module_captionSmall--ClR1Q" data-testid="product-caption">pokrowiec na fotel samochodowy, dla zwierząt, wym. ok 165x145cm</div><div class="DescriptionSection-module_unitSmall--AyjB0" data-testid="product-unit">1 szt.</div></a></div></section><div class="ProductTile-module_priceBox--SIN7O"><section class="w-100 flex flex-column justify-content-between"><div><div class="PriceSection-module_priceSection--eIBii"><div class="PriceSection-module_priceContainer--SxUEN"><div class="PriceSection-module_priceBox--X1xEI" data-testid="product-current-price-wrapper"><span class="PriceSection-module_price--I18Do PriceSection-module_priceSmall--UhUP0 PriceSection-module_pricePromotion--4NEgk" data-testid="product-price"><span>24</span><span>,99 zł</span></span></div><span class="PriceSection-module_pricePerUnitSmall--GF40k" data-testid="product-price-per-unit">1 szt. = 24,99 zł</span></div><div><button aria-label="Dodaj do koszyka" data-testid="product-add-to-basket-button" class="PriceSection-module_cartBtn--LT628 snrs-add-to-cart" data-sku="2098069" data-name="" data-regular-price="29.99" data-promo-price="24.99" data-omnibus-price="29.99" data-unit-price="1 szt. = 24,99 zł" data-link="/Produkt/Akcesoria/Ideenwelt-pokrowiec-na-fotel-samochodowy-dla-zwierzat-wym-ok-165x145cm-1-szt,2098069,19132" data-img-link="https://pro-fra-s3-productsassets.rossmann.pl/product_1_medium/2098069_360_350_1751459771.webp" data-labels="[&quot;TYLKO U NAS&quot;]" data-brand="IDEENWELT" data-caption="pokrowiec na fotel samochodowy, dla zwierząt, wym. ok 165x145cm" data-unit="1 szt."><svg class="ui-icon " stroke-width="1.8" width="16" height="16" viewBox="0 0 24 24" preserveAspectRatio="" fill="none" stroke="currentColor" stroke-linecap="round" stroke-linejoin="round" overflow="visible"><path d="M3.5 9.47656L6.5 3.47656"></path><path d="M20.5 9.47656L17.5 3.47656"></path><path d="M21.5 12.4766H2.5L4.2 20.9836C4.30662 21.4208 4.56062 21.808 4.91924 22.0799C5.27786 22.3518 5.7192 22.4919 6.169 22.4766H17.831C18.2808 22.4919 18.7221 22.3518 19.0808 22.0799C19.4394 21.808 19.6934 21.4208 19.8 20.9836L21.5 12.4766Z"></path><path d="M21.5 9.47656H2.5C1.94772 9.47656 1.5 9.92428 1.5 10.4766V11.4766C1.5 12.0288 1.94772 12.4766 2.5 12.4766H21.5C22.0523 12.4766 22.5 12.0288 22.5 11.4766V10.4766C22.5 9.92428 22.0523 9.47656 21.5 9.47656Z"></path><path d="M12 15.4766V18.9766"></path><path d="M16.5 15.4766L16 18.9766"></path><path d="M7.5 15.4766L8 18.9766"></path></svg></button></div></div><div class="PriceDetailSection-module_section--GiX3L" data-testid="product-omnibus"><div class="tile-product__lowest-price"><div class="LowestPrice-module_text--cofnN LowestPrice-module_textSmall--57oJQ"><span>Najniższa cena: </span><span data-testid="lowest-price-in-30-days" class="LowestPrice-module_price--E4qKq ml-1"><span data-testid="product-price" class="styles-module_strike--3Okb2  styles-module_xxxSmall--DH55z styles-module_price--9IDpJ">29<span class="styles-module_price--9IDpJ">,99</span> <span>zł</span></span></span><button aria-label="Najniższa cena od wprowadzenia" data-state="closed" class="OmnibusTrigger-module_button--G5UaQ"><svg class="ui-icon " stroke-width="1.2" width="16" height="16" viewBox="0 0 24 24" preserveAspectRatio="" fill="none" stroke="currentColor" stroke-linecap="round" stroke-linejoin="round" overflow="visible"><path d="M12 22C17.5228 22 22 17.5228 22 12C22 6.47714 17.5228 2 12 2C6.47715 2 2 6.47714 2 12C2 17.5228 6.47715 22 12 22Z"></path><path d="M14 17H12.6667C12.4309 17 12.2048 16.8946 12.0381 16.7071C11.8715 16.5196 11.7778 16.2652 11.7778 16V10.5C11.7778 10.3674 11.7309 10.2402 11.6476 10.1465C11.5643 10.0527 11.4512 10 11.3333 10H10"></path><path d="M11.7415 7C11.6034 7 11.4915 6.88807 11.4915 6.75C11.4915 6.61193 11.6034 6.5 11.7415 6.5"></path><path d="M11.7415 7C11.8795 7 11.9915 6.88807 11.9915 6.75C11.9915 6.61193 11.8795 6.5 11.7415 6.5"></path></svg></button></div></div></div></div><div class="AvailabilitySection-module_section--IibdL AvailabilitySection-module_sectionRound--7ZN6d"><div class="AvailabilitySection-module_record--sV0gc"><div class="AvailabilitySection-module_icon--FClji AvailabilitySection-module_iconHigh--A0P1q"><svg class="ui-icon AvailabilitySection-module_iconCheck--68pbU" stroke-width="1.2" width=" 24" height="24" viewBox="0 0 24 24" preserveAspectRatio="" fill="none" stroke="currentColor" stroke-linecap="round" stroke-linejoin="round" overflow="visible"><path d="M12.6667 4.30981L5.97106 13.6431L3.33337 11.0055"></path></svg></div><div class="AvailabilitySection-module_text--zxru7 AvailabilitySection-module_textSmall--n1xcJ">Dostępny online</div></div><div class="AvailabilitySection-module_record--sV0gc"><div class="AvailabilitySection-module_icon--FClji AvailabilitySection-module_iconMedium--KUbf2"><svg class="ui-icon AvailabilitySection-module_iconExclamation--udHHV" stroke-width="1.2" width=" 24" height="24" viewBox="0 0 24 24" preserveAspectRatio="" fill="none" stroke="currentColor" stroke-linecap="round" stroke-linejoin="round" overflow="visible"><path d="M12 13V7" stroke="none"></path><path d="M11.9912 16.005C11.9585 16.0055 11.9262 16.0126 11.8963 16.0257C11.8664 16.0389 11.8394 16.0579 11.8169 16.0817C11.7945 16.1055 11.777 16.1335 11.7655 16.1641C11.7541 16.1947 11.7489 16.2273 11.7502 16.26C11.7525 16.3256 11.7802 16.3878 11.8273 16.4335C11.8745 16.4792 11.9375 16.5048 12.0032 16.505C12.0359 16.5044 12.0681 16.4972 12.0979 16.484C12.1278 16.4708 12.1547 16.4518 12.1772 16.428C12.1996 16.4043 12.2171 16.3763 12.2286 16.3458C12.2401 16.3152 12.2454 16.2826 12.2442 16.25C12.2422 16.1858 12.2159 16.1248 12.1706 16.0793C12.1253 16.0338 12.0644 16.0073 12.0002 16.005H11.9952" stroke="none"></path></svg></div><button class="AvailabilitySection-module_text--zxru7 AvailabilitySection-module_shopText--7jdjN AvailabilitySection-module_textSmall--n1xcJ">Sprawdź dostępność w drogerii</button></div></div></section></div></div></div><div class="swiper-slide ProductSlider-module_slideWithImage--jP2ra mb-4" style="margin-right: 16px;"><div class="ProductTile-module_tile--yFwR2 ProductTile-module_small--bAwXa ProductTile-module_round--R0J7y ProductTile-module_bt--7Rs6T ProductTile-module_br--DiNim ProductTile-module_bb--6rqC2 ProductTile-module_bl--VrBPG " data-testid="product-container"><section><div><div class="HeaderSection-module_headerSection--0ATl3"><div class="HeaderSection-module_badgesSection--2J8Ry"><span class="styles-module_badge--ptqlS styles-module_rossmann--AbYWx "><span>TYLKO U NAS</span></span></div><button aria-label="Dodaj do ulubionych" data-testid="product-add-to-favorites-button" class="HeaderSection-module_favoritesBtn--AtrEF snrs-add-to-fav" data-sku="2098080"><svg class="icon HeaderSection-module_icon--izXrZ " width="22" height="20" viewBox="0 0 22 20" fill="none" xmlns="http://www.w3.org/2000/svg"><path d="M11.0002 19L2.47741 9.85496C1.72993 9.09105 1.23535 8.09895 1.06538 7.02248C0.89541 5.94601 1.05887 4.84111 1.53207 3.86794C1.89665 3.13055 2.42251 2.4928 3.0672 2.00617C3.7119 1.51954 4.45737 1.19766 5.24344 1.06652C6.02951 0.935373 6.83416 0.998637 7.59245 1.2512C8.35073 1.50376 9.04141 1.93855 9.60872 2.52047L11.0002 3.84257L12.3917 2.52047C12.9591 1.93874 13.6498 1.50411 14.408 1.25166C15.1663 0.999207 15.9708 0.935998 16.7569 1.06713C17.5429 1.19827 18.2883 1.52007 18.933 2.00658C19.5777 2.4931 20.1036 3.13069 20.4683 3.86794C20.9412 4.84117 21.1046 5.94601 20.9346 7.02241C20.7646 8.09882 20.2702 9.0909 19.523 9.85496L11.0002 19Z" stroke="currentColor" stroke-width="1.5" stroke-linecap="round" stroke-linejoin="round"></path></svg></button></div></div><div class="ProductTile-module_imageSection--4dy3j"><div class="ImageSection-module_imageSection--JW6B4 ImageSection-module_imageSectionSmall--wtsuO  "><a href="/Produkt/Dywaniki/Ideenwelt-dywanik-lazienkowy-Serce-wym-50x80cm-1-szt,2098080,19160"><img loading="lazy" src="https://pro-fra-s3-productsassets.rossmann.pl/product_1_small/2098080_338_190_1753951842.webp" alt="IDEENWELT ,dywanik łazienkowy, Serce, wym. 50x80cm,przód" data-testid="product-image"></a><div class="ImageSection-module_cmpInfoWrapper---gDf+"></div></div></div><div><a href="/Produkt/Dywaniki/Ideenwelt-dywanik-lazienkowy-Serce-wym-50x80cm-1-szt,2098080,19160"><div title="IDEENWELT " class="DescriptionSection-module_brand--+Edq7 DescriptionSection-module_brandSmall--J0DP7" data-testid="product-brand"><strong class="DescriptionSection-module_strongSmall--8u2H2">IDEENWELT </strong></div><div title="dywanik łazienkowy, Serce, wym. 50x80cm" class="DescriptionSection-module_caption--t+QTb DescriptionSection-module_captionSmall--ClR1Q" data-testid="product-caption">dywanik łazienkowy, Serce, wym. 50x80cm</div><div class="DescriptionSection-module_unitSmall--AyjB0" data-testid="product-unit">1 szt.</div></a></div></section><div class="ProductTile-module_priceBox--SIN7O"><section class="w-100 flex flex-column justify-content-between"><div><div class="PriceSection-module_priceSection--eIBii"><div class="PriceSection-module_priceContainer--SxUEN"><div class="PriceSection-module_priceBox--X1xEI" data-testid="product-current-price-wrapper"><span class="PriceSection-module_price--I18Do PriceSection-module_priceSmall--UhUP0 PriceSection-module_pricePromotion--4NEgk" data-testid="product-price"><span>29</span><span>,99 zł</span></span></div><span class="PriceSection-module_pricePerUnitSmall--GF40k" data-testid="product-price-per-unit">1 szt. = 29,99 zł</span></div><div><button aria-label="Dodaj do koszyka" data-testid="product-add-to-basket-button" class="PriceSection-module_cartBtn--LT628 snrs-add-to-cart" data-sku="2098080" data-name="" data-regular-price="35.99" data-promo-price="29.99" data-omnibus-price="35.99" data-unit-price="1 szt. = 29,99 zł" data-link="/Produkt/Dywaniki/Ideenwelt-dywanik-lazienkowy-Serce-wym-50x80cm-1-szt,2098080,19160" data-img-link="https://pro-fra-s3-productsassets.rossmann.pl/product_1_medium/2098080_360_350_1753951845.webp" data-labels="[&quot;TYLKO U NAS&quot;]" data-brand="IDEENWELT" data-caption="dywanik łazienkowy, Serce, wym. 50x80cm" data-unit="1 szt."><svg class="ui-icon " stroke-width="1.8" width="16" height="16" viewBox="0 0 24 24" preserveAspectRatio="" fill="none" stroke="currentColor" stroke-linecap="round" stroke-linejoin="round" overflow="visible"><path d="M3.5 9.47656L6.5 3.47656"></path><path d="M20.5 9.47656L17.5 3.47656"></path><path d="M21.5 12.4766H2.5L4.2 20.9836C4.30662 21.4208 4.56062 21.808 4.91924 22.0799C5.27786 22.3518 5.7192 22.4919 6.169 22.4766H17.831C18.2808 22.4919 18.7221 22.3518 19.0808 22.0799C19.4394 21.808 19.6934 21.4208 19.8 20.9836L21.5 12.4766Z"></path><path d="M21.5 9.47656H2.5C1.94772 9.47656 1.5 9.92428 1.5 10.4766V11.4766C1.5 12.0288 1.94772 12.4766 2.5 12.4766H21.5C22.0523 12.4766 22.5 12.0288 22.5 11.4766V10.4766C22.5 9.92428 22.0523 9.47656 21.5 9.47656Z"></path><path d="M12 15.4766V18.9766"></path><path d="M16.5 15.4766L16 18.9766"></path><path d="M7.5 15.4766L8 18.9766"></path></svg></button></div></div><div class="PriceDetailSection-module_section--GiX3L" data-testid="product-omnibus"><div class="tile-product__lowest-price"><div class="LowestPrice-module_text--cofnN LowestPrice-module_textSmall--57oJQ"><span>Najniższa cena: </span><span data-testid="lowest-price-in-30-days" class="LowestPrice-module_price--E4qKq ml-1"><span data-testid="product-price" class="styles-module_strike--3Okb2  styles-module_xxxSmall--DH55z styles-module_price--9IDpJ">35<span class="styles-module_price--9IDpJ">,99</span> <span>zł</span></span></span><button aria-label="Najniższa cena od wprowadzenia" data-state="closed" class="OmnibusTrigger-module_button--G5UaQ"><svg class="ui-icon " stroke-width="1.2" width="16" height="16" viewBox="0 0 24 24" preserveAspectRatio="" fill="none" stroke="currentColor" stroke-linecap="round" stroke-linejoin="round" overflow="visible"><path d="M12 22C17.5228 22 22 17.5228 22 12C22 6.47714 17.5228 2 12 2C6.47715 2 2 6.47714 2 12C2 17.5228 6.47715 22 12 22Z"></path><path d="M14 17H12.6667C12.4309 17 12.2048 16.8946 12.0381 16.7071C11.8715 16.5196 11.7778 16.2652 11.7778 16V10.5C11.7778 10.3674 11.7309 10.2402 11.6476 10.1465C11.5643 10.0527 11.4512 10 11.3333 10H10"></path><path d="M11.7415 7C11.6034 7 11.4915 6.88807 11.4915 6.75C11.4915 6.61193 11.6034 6.5 11.7415 6.5"></path><path d="M11.7415 7C11.8795 7 11.9915 6.88807 11.9915 6.75C11.9915 6.61193 11.8795 6.5 11.7415 6.5"></path></svg></button></div></div></div></div><div class="AvailabilitySection-module_section--IibdL AvailabilitySection-module_sectionRound--7ZN6d"><div class="AvailabilitySection-module_record--sV0gc"><div class="AvailabilitySection-module_icon--FClji AvailabilitySection-module_iconHigh--A0P1q"><svg class="ui-icon AvailabilitySection-module_iconCheck--68pbU" stroke-width="1.2" width=" 24" height="24" viewBox="0 0 24 24" preserveAspectRatio="" fill="none" stroke="currentColor" stroke-linecap="round" stroke-linejoin="round" overflow="visible"><path d="M12.6667 4.30981L5.97106 13.6431L3.33337 11.0055"></path></svg></div><div class="AvailabilitySection-module_text--zxru7 AvailabilitySection-module_textSmall--n1xcJ">Dostępny online</div></div><div class="AvailabilitySection-module_record--sV0gc"><div class="AvailabilitySection-module_icon--FClji AvailabilitySection-module_iconMedium--KUbf2"><svg class="ui-icon AvailabilitySection-module_iconExclamation--udHHV" stroke-width="1.2" width=" 24" height="24" viewBox="0 0 24 24" preserveAspectRatio="" fill="none" stroke="currentColor" stroke-linecap="round" stroke-linejoin="round" overflow="visible"><path d="M12 13V7" stroke="none"></path><path d="M11.9912 16.005C11.9585 16.0055 11.9262 16.0126 11.8963 16.0257C11.8664 16.0389 11.8394 16.0579 11.8169 16.0817C11.7945 16.1055 11.777 16.1335 11.7655 16.1641C11.7541 16.1947 11.7489 16.2273 11.7502 16.26C11.7525 16.3256 11.7802 16.3878 11.8273 16.4335C11.8745 16.4792 11.9375 16.5048 12.0032 16.505C12.0359 16.5044 12.0681 16.4972 12.0979 16.484C12.1278 16.4708 12.1547 16.4518 12.1772 16.428C12.1996 16.4043 12.2171 16.3763 12.2286 16.3458C12.2401 16.3152 12.2454 16.2826 12.2442 16.25C12.2422 16.1858 12.2159 16.1248 12.1706 16.0793C12.1253 16.0338 12.0644 16.0073 12.0002 16.005H11.9952" stroke="none"></path></svg></div><button class="AvailabilitySection-module_text--zxru7 AvailabilitySection-module_shopText--7jdjN AvailabilitySection-module_textSmall--n1xcJ">Sprawdź dostępność w drogerii</button></div></div></section></div></div></div><div class="swiper-slide ProductSlider-module_slideWithImage--jP2ra mb-4" style="margin-right: 16px;"><div class="ProductTile-module_tile--yFwR2 ProductTile-module_small--bAwXa ProductTile-module_round--R0J7y ProductTile-module_bt--7Rs6T ProductTile-module_br--DiNim ProductTile-module_bb--6rqC2 ProductTile-module_bl--VrBPG " data-testid="product-container"><section><div><div class="HeaderSection-module_headerSection--0ATl3"><div class="HeaderSection-module_badgesSection--2J8Ry"><span class="styles-module_badge--ptqlS styles-module_rossmann--AbYWx "><span>TYLKO U NAS</span></span></div><button aria-label="Dodaj do ulubionych" data-testid="product-add-to-favorites-button" class="HeaderSection-module_favoritesBtn--AtrEF snrs-add-to-fav" data-sku="2098102"><svg class="icon HeaderSection-module_icon--izXrZ " width="22" height="20" viewBox="0 0 22 20" fill="none" xmlns="http://www.w3.org/2000/svg"><path d="M11.0002 19L2.47741 9.85496C1.72993 9.09105 1.23535 8.09895 1.06538 7.02248C0.89541 5.94601 1.05887 4.84111 1.53207 3.86794C1.89665 3.13055 2.42251 2.4928 3.0672 2.00617C3.7119 1.51954 4.45737 1.19766 5.24344 1.06652C6.02951 0.935373 6.83416 0.998637 7.59245 1.2512C8.35073 1.50376 9.04141 1.93855 9.60872 2.52047L11.0002 3.84257L12.3917 2.52047C12.9591 1.93874 13.6498 1.50411 14.408 1.25166C15.1663 0.999207 15.9708 0.935998 16.7569 1.06713C17.5429 1.19827 18.2883 1.52007 18.933 2.00658C19.5777 2.4931 20.1036 3.13069 20.4683 3.86794C20.9412 4.84117 21.1046 5.94601 20.9346 7.02241C20.7646 8.09882 20.2702 9.0909 19.523 9.85496L11.0002 19Z" stroke="currentColor" stroke-width="1.5" stroke-linecap="round" stroke-linejoin="round"></path></svg></button></div></div><div class="ProductTile-module_imageSection--4dy3j"><div class="ImageSection-module_imageSection--JW6B4 ImageSection-module_imageSectionSmall--wtsuO  "><a href="/Produkt/Zabawy-zrecznosciowe/Ideenwelt-pilka-powietrzna-swiecaca-1-szt,2098102,19793"><img loading="lazy" src="https://pro-fra-s3-productsassets.rossmann.pl/product_1_small/2098102_338_190_1751628108.webp" alt="IDEENWELT ,piłka powietrzna, świecąca,przód" data-testid="product-image"></a><div class="ImageSection-module_cmpInfoWrapper---gDf+"></div></div></div><div><a href="/Produkt/Zabawy-zrecznosciowe/Ideenwelt-pilka-powietrzna-swiecaca-1-szt,2098102,19793"><div title="IDEENWELT " class="DescriptionSection-module_brand--+Edq7 DescriptionSection-module_brandSmall--J0DP7" data-testid="product-brand"><strong class="DescriptionSection-module_strongSmall--8u2H2">IDEENWELT </strong></div><div title="piłka powietrzna, świecąca" class="DescriptionSection-module_caption--t+QTb DescriptionSection-module_captionSmall--ClR1Q" data-testid="product-caption">piłka powietrzna, świecąca</div><div class="DescriptionSection-module_unitSmall--AyjB0" data-testid="product-unit">1 szt.</div></a></div></section><div class="ProductTile-module_priceBox--SIN7O"><section class="w-100 flex flex-column justify-content-between"><div><div class="PriceSection-module_priceSection--eIBii"><div class="PriceSection-module_priceContainer--SxUEN"><div class="PriceSection-module_priceBox--X1xEI" data-testid="product-current-price-wrapper"><span class="PriceSection-module_price--I18Do PriceSection-module_priceSmall--UhUP0 PriceSection-module_pricePromotion--4NEgk" data-testid="product-price"><span>32</span><span>,99 zł</span></span></div><span class="PriceSection-module_pricePerUnitSmall--GF40k" data-testid="product-price-per-unit">1 szt. = 32,99 zł</span></div><div><button aria-label="Dodaj do koszyka" data-testid="product-add-to-basket-button" class="PriceSection-module_cartBtn--LT628 snrs-add-to-cart" data-sku="2098102" data-name="" data-regular-price="39.99" data-promo-price="32.99" data-omnibus-price="39.99" data-unit-price="1 szt. = 32,99 zł" data-link="/Produkt/Zabawy-zrecznosciowe/Ideenwelt-pilka-powietrzna-swiecaca-1-szt,2098102,19793" data-img-link="https://pro-fra-s3-productsassets.rossmann.pl/product_1_medium/2098102_360_350_1751628111.webp" data-labels="[&quot;TYLKO U NAS&quot;]" data-brand="IDEENWELT" data-caption="piłka powietrzna, świecąca" data-unit="1 szt."><svg class="ui-icon " stroke-width="1.8" width="16" height="16" viewBox="0 0 24 24" preserveAspectRatio="" fill="none" stroke="currentColor" stroke-linecap="round" stroke-linejoin="round" overflow="visible"><path d="M3.5 9.47656L6.5 3.47656"></path><path d="M20.5 9.47656L17.5 3.47656"></path><path d="M21.5 12.4766H2.5L4.2 20.9836C4.30662 21.4208 4.56062 21.808 4.91924 22.0799C5.27786 22.3518 5.7192 22.4919 6.169 22.4766H17.831C18.2808 22.4919 18.7221 22.3518 19.0808 22.0799C19.4394 21.808 19.6934 21.4208 19.8 20.9836L21.5 12.4766Z"></path><path d="M21.5 9.47656H2.5C1.94772 9.47656 1.5 9.92428 1.5 10.4766V11.4766C1.5 12.0288 1.94772 12.4766 2.5 12.4766H21.5C22.0523 12.4766 22.5 12.0288 22.5 11.4766V10.4766C22.5 9.92428 22.0523 9.47656 21.5 9.47656Z"></path><path d="M12 15.4766V18.9766"></path><path d="M16.5 15.4766L16 18.9766"></path><path d="M7.5 15.4766L8 18.9766"></path></svg></button></div></div><div class="PriceDetailSection-module_section--GiX3L" data-testid="product-omnibus"><div class="tile-product__lowest-price"><div class="LowestPrice-module_text--cofnN LowestPrice-module_textSmall--57oJQ"><span>Najniższa cena: </span><span data-testid="lowest-price-in-30-days" class="LowestPrice-module_price--E4qKq ml-1"><span data-testid="product-price" class="styles-module_strike--3Okb2  styles-module_xxxSmall--DH55z styles-module_price--9IDpJ">39<span class="styles-module_price--9IDpJ">,99</span> <span>zł</span></span></span><button aria-label="Najniższa cena od wprowadzenia" data-state="closed" class="OmnibusTrigger-module_button--G5UaQ"><svg class="ui-icon " stroke-width="1.2" width="16" height="16" viewBox="0 0 24 24" preserveAspectRatio="" fill="none" stroke="currentColor" stroke-linecap="round" stroke-linejoin="round" overflow="visible"><path d="M12 22C17.5228 22 22 17.5228 22 12C22 6.47714 17.5228 2 12 2C6.47715 2 2 6.47714 2 12C2 17.5228 6.47715 22 12 22Z"></path><path d="M14 17H12.6667C12.4309 17 12.2048 16.8946 12.0381 16.7071C11.8715 16.5196 11.7778 16.2652 11.7778 16V10.5C11.7778 10.3674 11.7309 10.2402 11.6476 10.1465C11.5643 10.0527 11.4512 10 11.3333 10H10"></path><path d="M11.7415 7C11.6034 7 11.4915 6.88807 11.4915 6.75C11.4915 6.61193 11.6034 6.5 11.7415 6.5"></path><path d="M11.7415 7C11.8795 7 11.9915 6.88807 11.9915 6.75C11.9915 6.61193 11.8795 6.5 11.7415 6.5"></path></svg></button></div></div></div></div><div class="AvailabilitySection-module_section--IibdL AvailabilitySection-module_sectionRound--7ZN6d"><div class="AvailabilitySection-module_record--sV0gc"><div class="AvailabilitySection-module_icon--FClji AvailabilitySection-module_iconHigh--A0P1q"><svg class="ui-icon AvailabilitySection-module_iconCheck--68pbU" stroke-width="1.2" width=" 24" height="24" viewBox="0 0 24 24" preserveAspectRatio="" fill="none" stroke="currentColor" stroke-linecap="round" stroke-linejoin="round" overflow="visible"><path d="M12.6667 4.30981L5.97106 13.6431L3.33337 11.0055"></path></svg></div><div class="AvailabilitySection-module_text--zxru7 AvailabilitySection-module_textSmall--n1xcJ">Dostępny online</div></div><div class="AvailabilitySection-module_record--sV0gc"><div class="AvailabilitySection-module_icon--FClji AvailabilitySection-module_iconMedium--KUbf2"><svg class="ui-icon AvailabilitySection-module_iconExclamation--udHHV" stroke-width="1.2" width=" 24" height="24" viewBox="0 0 24 24" preserveAspectRatio="" fill="none" stroke="currentColor" stroke-linecap="round" stroke-linejoin="round" overflow="visible"><path d="M12 13V7" stroke="none"></path><path d="M11.9912 16.005C11.9585 16.0055 11.9262 16.0126 11.8963 16.0257C11.8664 16.0389 11.8394 16.0579 11.8169 16.0817C11.7945 16.1055 11.777 16.1335 11.7655 16.1641C11.7541 16.1947 11.7489 16.2273 11.7502 16.26C11.7525 16.3256 11.7802 16.3878 11.8273 16.4335C11.8745 16.4792 11.9375 16.5048 12.0032 16.505C12.0359 16.5044 12.0681 16.4972 12.0979 16.484C12.1278 16.4708 12.1547 16.4518 12.1772 16.428C12.1996 16.4043 12.2171 16.3763 12.2286 16.3458C12.2401 16.3152 12.2454 16.2826 12.2442 16.25C12.2422 16.1858 12.2159 16.1248 12.1706 16.0793C12.1253 16.0338 12.0644 16.0073 12.0002 16.005H11.9952" stroke="none"></path></svg></div><button class="AvailabilitySection-module_text--zxru7 AvailabilitySection-module_shopText--7jdjN AvailabilitySection-module_textSmall--n1xcJ">Sprawdź dostępność w drogerii</button></div></div></section></div></div></div><div class="swiper-slide ProductSlider-module_slideWithImage--jP2ra mb-4" style="margin-right: 16px;"><div class="ProductTile-module_tile--yFwR2 ProductTile-module_small--bAwXa ProductTile-module_round--R0J7y ProductTile-module_bt--7Rs6T ProductTile-module_br--DiNim ProductTile-module_bb--6rqC2 ProductTile-module_bl--VrBPG " data-testid="product-container"><section><div><div class="HeaderSection-module_headerSection--0ATl3"><div class="HeaderSection-module_badgesSection--2J8Ry"><span class="styles-module_badge--ptqlS styles-module_rossmann--AbYWx "><span>TYLKO U NAS</span></span></div><button aria-label="Dodaj do ulubionych" data-testid="product-add-to-favorites-button" class="HeaderSection-module_favoritesBtn--AtrEF snrs-add-to-fav" data-sku="2098076"><svg class="icon HeaderSection-module_icon--izXrZ " width="22" height="20" viewBox="0 0 22 20" fill="none" xmlns="http://www.w3.org/2000/svg"><path d="M11.0002 19L2.47741 9.85496C1.72993 9.09105 1.23535 8.09895 1.06538 7.02248C0.89541 5.94601 1.05887 4.84111 1.53207 3.86794C1.89665 3.13055 2.42251 2.4928 3.0672 2.00617C3.7119 1.51954 4.45737 1.19766 5.24344 1.06652C6.02951 0.935373 6.83416 0.998637 7.59245 1.2512C8.35073 1.50376 9.04141 1.93855 9.60872 2.52047L11.0002 3.84257L12.3917 2.52047C12.9591 1.93874 13.6498 1.50411 14.408 1.25166C15.1663 0.999207 15.9708 0.935998 16.7569 1.06713C17.5429 1.19827 18.2883 1.52007 18.933 2.00658C19.5777 2.4931 20.1036 3.13069 20.4683 3.86794C20.9412 4.84117 21.1046 5.94601 20.9346 7.02241C20.7646 8.09882 20.2702 9.0909 19.523 9.85496L11.0002 19Z" stroke="currentColor" stroke-width="1.5" stroke-linecap="round" stroke-linejoin="round"></path></svg></button></div></div><div class="ProductTile-module_imageSection--4dy3j"><div class="ImageSection-module_imageSection--JW6B4 ImageSection-module_imageSectionSmall--wtsuO  "><a href="/Produkt/Lusterka/Ideenwelt-lusterko-podswietlane-1-szt,2098076,19157"><img loading="lazy" src="https://pro-fra-s3-productsassets.rossmann.pl/product_1_small/2098076_338_190_1751461302.webp" alt="IDEENWELT ,lusterko podświetlane,przód" data-testid="product-image"></a><div class="ImageSection-module_cmpInfoWrapper---gDf+"></div></div></div><div><a href="/Produkt/Lusterka/Ideenwelt-lusterko-podswietlane-1-szt,2098076,19157"><div title="IDEENWELT " class="DescriptionSection-module_brand--+Edq7 DescriptionSection-module_brandSmall--J0DP7" data-testid="product-brand"><strong class="DescriptionSection-module_strongSmall--8u2H2">IDEENWELT </strong></div><div title="lusterko podświetlane" class="DescriptionSection-module_caption--t+QTb DescriptionSection-module_captionSmall--ClR1Q" data-testid="product-caption">lusterko podświetlane</div><div class="DescriptionSection-module_unitSmall--AyjB0" data-testid="product-unit">1 szt.</div></a></div></section><div class="ProductTile-module_priceBox--SIN7O"><section class="w-100 flex flex-column justify-content-between"><div><div class="PriceSection-module_priceSection--eIBii"><div class="PriceSection-module_priceContainer--SxUEN"><div class="PriceSection-module_priceBox--X1xEI" data-testid="product-current-price-wrapper"><span class="PriceSection-module_price--I18Do PriceSection-module_priceSmall--UhUP0 PriceSection-module_pricePromotion--4NEgk" data-testid="product-price"><span>34</span><span>,99 zł</span></span></div><span class="PriceSection-module_pricePerUnitSmall--GF40k" data-testid="product-price-per-unit">1 szt. = 34,99 zł</span></div><div><button aria-label="Dodaj do koszyka" data-testid="product-add-to-basket-button" class="PriceSection-module_cartBtn--LT628 snrs-add-to-cart" data-sku="2098076" data-name="" data-regular-price="42.99" data-promo-price="34.99" data-omnibus-price="42.99" data-unit-price="1 szt. = 34,99 zł" data-link="/Produkt/Lusterka/Ideenwelt-lusterko-podswietlane-1-szt,2098076,19157" data-img-link="https://pro-fra-s3-productsassets.rossmann.pl/product_1_medium/2098076_360_350_1751461307.webp" data-labels="[&quot;TYLKO U NAS&quot;]" data-brand="IDEENWELT" data-caption="lusterko podświetlane" data-unit="1 szt."><svg class="ui-icon " stroke-width="1.8" width="16" height="16" viewBox="0 0 24 24" preserveAspectRatio="" fill="none" stroke="currentColor" stroke-linecap="round" stroke-linejoin="round" overflow="visible"><path d="M3.5 9.47656L6.5 3.47656"></path><path d="M20.5 9.47656L17.5 3.47656"></path><path d="M21.5 12.4766H2.5L4.2 20.9836C4.30662 21.4208 4.56062 21.808 4.91924 22.0799C5.27786 22.3518 5.7192 22.4919 6.169 22.4766H17.831C18.2808 22.4919 18.7221 22.3518 19.0808 22.0799C19.4394 21.808 19.6934 21.4208 19.8 20.9836L21.5 12.4766Z"></path><path d="M21.5 9.47656H2.5C1.94772 9.47656 1.5 9.92428 1.5 10.4766V11.4766C1.5 12.0288 1.94772 12.4766 2.5 12.4766H21.5C22.0523 12.4766 22.5 12.0288 22.5 11.4766V10.4766C22.5 9.92428 22.0523 9.47656 21.5 9.47656Z"></path><path d="M12 15.4766V18.9766"></path><path d="M16.5 15.4766L16 18.9766"></path><path d="M7.5 15.4766L8 18.9766"></path></svg></button></div></div><div class="PriceDetailSection-module_section--GiX3L" data-testid="product-omnibus"><div class="tile-product__lowest-price"><div class="LowestPrice-module_text--cofnN LowestPrice-module_textSmall--57oJQ"><span>Najniższa cena: </span><span data-testid="lowest-price-in-30-days" class="LowestPrice-module_price--E4qKq ml-1"><span data-testid="product-price" class="styles-module_strike--3Okb2  styles-module_xxxSmall--DH55z styles-module_price--9IDpJ">42<span class="styles-module_price--9IDpJ">,99</span> <span>zł</span></span></span><button aria-label="Najniższa cena od wprowadzenia" data-state="closed" class="OmnibusTrigger-module_button--G5UaQ"><svg class="ui-icon " stroke-width="1.2" width="16" height="16" viewBox="0 0 24 24" preserveAspectRatio="" fill="none" stroke="currentColor" stroke-linecap="round" stroke-linejoin="round" overflow="visible"><path d="M12 22C17.5228 22 22 17.5228 22 12C22 6.47714 17.5228 2 12 2C6.47715 2 2 6.47714 2 12C2 17.5228 6.47715 22 12 22Z"></path><path d="M14 17H12.6667C12.4309 17 12.2048 16.8946 12.0381 16.7071C11.8715 16.5196 11.7778 16.2652 11.7778 16V10.5C11.7778 10.3674 11.7309 10.2402 11.6476 10.1465C11.5643 10.0527 11.4512 10 11.3333 10H10"></path><path d="M11.7415 7C11.6034 7 11.4915 6.88807 11.4915 6.75C11.4915 6.61193 11.6034 6.5 11.7415 6.5"></path><path d="M11.7415 7C11.8795 7 11.9915 6.88807 11.9915 6.75C11.9915 6.61193 11.8795 6.5 11.7415 6.5"></path></svg></button></div></div></div></div><div class="AvailabilitySection-module_section--IibdL AvailabilitySection-module_sectionRound--7ZN6d"><div class="AvailabilitySection-module_record--sV0gc"><div class="AvailabilitySection-module_icon--FClji AvailabilitySection-module_iconHigh--A0P1q"><svg class="ui-icon AvailabilitySection-module_iconCheck--68pbU" stroke-width="1.2" width=" 24" height="24" viewBox="0 0 24 24" preserveAspectRatio="" fill="none" stroke="currentColor" stroke-linecap="round" stroke-linejoin="round" overflow="visible"><path d="M12.6667 4.30981L5.97106 13.6431L3.33337 11.0055"></path></svg></div><div class="AvailabilitySection-module_text--zxru7 AvailabilitySection-module_textSmall--n1xcJ">Dostępny online</div></div><div class="AvailabilitySection-module_record--sV0gc"><div class="AvailabilitySection-module_icon--FClji AvailabilitySection-module_iconMedium--KUbf2"><svg class="ui-icon AvailabilitySection-module_iconExclamation--udHHV" stroke-width="1.2" width=" 24" height="24" viewBox="0 0 24 24" preserveAspectRatio="" fill="none" stroke="currentColor" stroke-linecap="round" stroke-linejoin="round" overflow="visible"><path d="M12 13V7" stroke="none"></path><path d="M11.9912 16.005C11.9585 16.0055 11.9262 16.0126 11.8963 16.0257C11.8664 16.0389 11.8394 16.0579 11.8169 16.0817C11.7945 16.1055 11.777 16.1335 11.7655 16.1641C11.7541 16.1947 11.7489 16.2273 11.7502 16.26C11.7525 16.3256 11.7802 16.3878 11.8273 16.4335C11.8745 16.4792 11.9375 16.5048 12.0032 16.505C12.0359 16.5044 12.0681 16.4972 12.0979 16.484C12.1278 16.4708 12.1547 16.4518 12.1772 16.428C12.1996 16.4043 12.2171 16.3763 12.2286 16.3458C12.2401 16.3152 12.2454 16.2826 12.2442 16.25C12.2422 16.1858 12.2159 16.1248 12.1706 16.0793C12.1253 16.0338 12.0644 16.0073 12.0002 16.005H11.9952" stroke="none"></path></svg></div><button class="AvailabilitySection-module_text--zxru7 AvailabilitySection-module_shopText--7jdjN AvailabilitySection-module_textSmall--n1xcJ">Sprawdź dostępność w drogerii</button></div></div></section></div></div></div><div class="swiper-slide ProductSlider-module_slideWithImage--jP2ra mb-4" style="margin-right: 16px;"><div class="ProductTile-module_tile--yFwR2 ProductTile-module_small--bAwXa ProductTile-module_round--R0J7y ProductTile-module_bt--7Rs6T ProductTile-module_br--DiNim ProductTile-module_bb--6rqC2 ProductTile-module_bl--VrBPG " data-testid="product-container"><section><div><div class="HeaderSection-module_headerSection--0ATl3"><div class="HeaderSection-module_badgesSection--2J8Ry"><span class="styles-module_badge--ptqlS styles-module_rossmann--AbYWx "><span>TYLKO U NAS</span></span></div><button aria-label="Dodaj do ulubionych" data-testid="product-add-to-favorites-button" class="HeaderSection-module_favoritesBtn--AtrEF snrs-add-to-fav" data-sku="2095255"><svg class="icon HeaderSection-module_icon--izXrZ " width="22" height="20" viewBox="0 0 22 20" fill="none" xmlns="http://www.w3.org/2000/svg"><path d="M11.0002 19L2.47741 9.85496C1.72993 9.09105 1.23535 8.09895 1.06538 7.02248C0.89541 5.94601 1.05887 4.84111 1.53207 3.86794C1.89665 3.13055 2.42251 2.4928 3.0672 2.00617C3.7119 1.51954 4.45737 1.19766 5.24344 1.06652C6.02951 0.935373 6.83416 0.998637 7.59245 1.2512C8.35073 1.50376 9.04141 1.93855 9.60872 2.52047L11.0002 3.84257L12.3917 2.52047C12.9591 1.93874 13.6498 1.50411 14.408 1.25166C15.1663 0.999207 15.9708 0.935998 16.7569 1.06713C17.5429 1.19827 18.2883 1.52007 18.933 2.00658C19.5777 2.4931 20.1036 3.13069 20.4683 3.86794C20.9412 4.84117 21.1046 5.94601 20.9346 7.02241C20.7646 8.09882 20.2702 9.0909 19.523 9.85496L11.0002 19Z" stroke="currentColor" stroke-width="1.5" stroke-linecap="round" stroke-linejoin="round"></path></svg></button></div></div><div class="ProductTile-module_imageSection--4dy3j"><div class="ImageSection-module_imageSection--JW6B4 ImageSection-module_imageSectionSmall--wtsuO  "><a href="/Produkt/Akcesoria-sportowe/Ideenwelt-mata-do-akupresury-wym-67x42x2-cm-1-szt,2095255,19307"><img loading="lazy" src="https://pro-fra-s3-productsassets.rossmann.pl/product_1_small/2095255_338_190_1754375120.webp" alt="IDEENWELT ,mata do akupresury, wym. 67x42x2 cm,przód" data-testid="product-image"></a><div class="ImageSection-module_cmpInfoWrapper---gDf+"></div></div></div><div><a href="/Produkt/Akcesoria-sportowe/Ideenwelt-mata-do-akupresury-wym-67x42x2-cm-1-szt,2095255,19307"><div title="IDEENWELT " class="DescriptionSection-module_brand--+Edq7 DescriptionSection-module_brandSmall--J0DP7" data-testid="product-brand"><strong class="DescriptionSection-module_strongSmall--8u2H2">IDEENWELT </strong></div><div title="mata do akupresury, wym. 67x42x2 cm" class="DescriptionSection-module_caption--t+QTb DescriptionSection-module_captionSmall--ClR1Q" data-testid="product-caption">mata do akupresury, wym. 67x42x2 cm</div><div class="DescriptionSection-module_unitSmall--AyjB0" data-testid="product-unit">1 szt.</div></a></div></section><div class="ProductTile-module_priceBox--SIN7O"><section class="w-100 flex flex-column justify-content-between"><div><div class="PriceSection-module_priceSection--eIBii"><div class="PriceSection-module_priceContainer--SxUEN"><div class="PriceSection-module_priceBox--X1xEI" data-testid="product-current-price-wrapper"><span class="PriceSection-module_price--I18Do PriceSection-module_priceSmall--UhUP0 PriceSection-module_pricePromotion--4NEgk" data-testid="product-price"><span>34</span><span>,99 zł</span></span></div><span class="PriceSection-module_pricePerUnitSmall--GF40k" data-testid="product-price-per-unit">1 szt. = 34,99 zł</span></div><div><button aria-label="Dodaj do koszyka" data-testid="product-add-to-basket-button" class="PriceSection-module_cartBtn--LT628 snrs-add-to-cart" data-sku="2095255" data-name="" data-regular-price="42.99" data-promo-price="34.99" data-omnibus-price="42.99" data-unit-price="1 szt. = 34,99 zł" data-link="/Produkt/Akcesoria-sportowe/Ideenwelt-mata-do-akupresury-wym-67x42x2-cm-1-szt,2095255,19307" data-img-link="https://pro-fra-s3-productsassets.rossmann.pl/product_1_medium/2095255_360_350_1754375122.webp" data-labels="[&quot;TYLKO U NAS&quot;]" data-brand="IDEENWELT" data-caption="mata do akupresury, wym. 67x42x2 cm" data-unit="1 szt."><svg class="ui-icon " stroke-width="1.8" width="16" height="16" viewBox="0 0 24 24" preserveAspectRatio="" fill="none" stroke="currentColor" stroke-linecap="round" stroke-linejoin="round" overflow="visible"><path d="M3.5 9.47656L6.5 3.47656"></path><path d="M20.5 9.47656L17.5 3.47656"></path><path d="M21.5 12.4766H2.5L4.2 20.9836C4.30662 21.4208 4.56062 21.808 4.91924 22.0799C5.27786 22.3518 5.7192 22.4919 6.169 22.4766H17.831C18.2808 22.4919 18.7221 22.3518 19.0808 22.0799C19.4394 21.808 19.6934 21.4208 19.8 20.9836L21.5 12.4766Z"></path><path d="M21.5 9.47656H2.5C1.94772 9.47656 1.5 9.92428 1.5 10.4766V11.4766C1.5 12.0288 1.94772 12.4766 2.5 12.4766H21.5C22.0523 12.4766 22.5 12.0288 22.5 11.4766V10.4766C22.5 9.92428 22.0523 9.47656 21.5 9.47656Z"></path><path d="M12 15.4766V18.9766"></path><path d="M16.5 15.4766L16 18.9766"></path><path d="M7.5 15.4766L8 18.9766"></path></svg></button></div></div><div class="PriceDetailSection-module_section--GiX3L" data-testid="product-omnibus"><div class="tile-product__lowest-price"><div class="LowestPrice-module_text--cofnN LowestPrice-module_textSmall--57oJQ"><span>Najniższa cena: </span><span data-testid="lowest-price-in-30-days" class="LowestPrice-module_price--E4qKq ml-1"><span data-testid="product-price" class="styles-module_strike--3Okb2  styles-module_xxxSmall--DH55z styles-module_price--9IDpJ">42<span class="styles-module_price--9IDpJ">,99</span> <span>zł</span></span></span><button aria-label="Najniższa cena od wprowadzenia" data-state="closed" class="OmnibusTrigger-module_button--G5UaQ"><svg class="ui-icon " stroke-width="1.2" width="16" height="16" viewBox="0 0 24 24" preserveAspectRatio="" fill="none" stroke="currentColor" stroke-linecap="round" stroke-linejoin="round" overflow="visible"><path d="M12 22C17.5228 22 22 17.5228 22 12C22 6.47714 17.5228 2 12 2C6.47715 2 2 6.47714 2 12C2 17.5228 6.47715 22 12 22Z"></path><path d="M14 17H12.6667C12.4309 17 12.2048 16.8946 12.0381 16.7071C11.8715 16.5196 11.7778 16.2652 11.7778 16V10.5C11.7778 10.3674 11.7309 10.2402 11.6476 10.1465C11.5643 10.0527 11.4512 10 11.3333 10H10"></path><path d="M11.7415 7C11.6034 7 11.4915 6.88807 11.4915 6.75C11.4915 6.61193 11.6034 6.5 11.7415 6.5"></path><path d="M11.7415 7C11.8795 7 11.9915 6.88807 11.9915 6.75C11.9915 6.61193 11.8795 6.5 11.7415 6.5"></path></svg></button></div></div></div></div><div class="AvailabilitySection-module_section--IibdL AvailabilitySection-module_sectionRound--7ZN6d"><div class="AvailabilitySection-module_record--sV0gc"><div class="AvailabilitySection-module_icon--FClji AvailabilitySection-module_iconHigh--A0P1q"><svg class="ui-icon AvailabilitySection-module_iconCheck--68pbU" stroke-width="1.2" width=" 24" height="24" viewBox="0 0 24 24" preserveAspectRatio="" fill="none" stroke="currentColor" stroke-linecap="round" stroke-linejoin="round" overflow="visible"><path d="M12.6667 4.30981L5.97106 13.6431L3.33337 11.0055"></path></svg></div><div class="AvailabilitySection-module_text--zxru7 AvailabilitySection-module_textSmall--n1xcJ">Dostępny online</div></div><div class="AvailabilitySection-module_record--sV0gc"><div class="AvailabilitySection-module_icon--FClji AvailabilitySection-module_iconMedium--KUbf2"><svg class="ui-icon AvailabilitySection-module_iconExclamation--udHHV" stroke-width="1.2" width=" 24" height="24" viewBox="0 0 24 24" preserveAspectRatio="" fill="none" stroke="currentColor" stroke-linecap="round" stroke-linejoin="round" overflow="visible"><path d="M12 13V7" stroke="none"></path><path d="M11.9912 16.005C11.9585 16.0055 11.9262 16.0126 11.8963 16.0257C11.8664 16.0389 11.8394 16.0579 11.8169 16.0817C11.7945 16.1055 11.777 16.1335 11.7655 16.1641C11.7541 16.1947 11.7489 16.2273 11.7502 16.26C11.7525 16.3256 11.7802 16.3878 11.8273 16.4335C11.8745 16.4792 11.9375 16.5048 12.0032 16.505C12.0359 16.5044 12.0681 16.4972 12.0979 16.484C12.1278 16.4708 12.1547 16.4518 12.1772 16.428C12.1996 16.4043 12.2171 16.3763 12.2286 16.3458C12.2401 16.3152 12.2454 16.2826 12.2442 16.25C12.2422 16.1858 12.2159 16.1248 12.1706 16.0793C12.1253 16.0338 12.0644 16.0073 12.0002 16.005H11.9952" stroke="none"></path></svg></div><button class="AvailabilitySection-module_text--zxru7 AvailabilitySection-module_shopText--7jdjN AvailabilitySection-module_textSmall--n1xcJ">Sprawdź dostępność w drogerii</button></div></div></section></div></div></div><div class="swiper-slide ProductSlider-module_slideWithImage--jP2ra mb-4" style="margin-right: 16px;"><div class="ProductTile-module_tile--yFwR2 ProductTile-module_small--bAwXa ProductTile-module_round--R0J7y ProductTile-module_bt--7Rs6T ProductTile-module_br--DiNim ProductTile-module_bb--6rqC2 ProductTile-module_bl--VrBPG " data-testid="product-container"><section><div><div class="HeaderSection-module_headerSection--0ATl3"><div class="HeaderSection-module_badgesSection--2J8Ry"><span class="styles-module_badge--ptqlS styles-module_rossmann--AbYWx "><span>TYLKO U NAS</span></span></div><button aria-label="Dodaj do ulubionych" data-testid="product-add-to-favorites-button" class="HeaderSection-module_favoritesBtn--AtrEF snrs-add-to-fav" data-sku="2098070"><svg class="icon HeaderSection-module_icon--izXrZ " width="22" height="20" viewBox="0 0 22 20" fill="none" xmlns="http://www.w3.org/2000/svg"><path d="M11.0002 19L2.47741 9.85496C1.72993 9.09105 1.23535 8.09895 1.06538 7.02248C0.89541 5.94601 1.05887 4.84111 1.53207 3.86794C1.89665 3.13055 2.42251 2.4928 3.0672 2.00617C3.7119 1.51954 4.45737 1.19766 5.24344 1.06652C6.02951 0.935373 6.83416 0.998637 7.59245 1.2512C8.35073 1.50376 9.04141 1.93855 9.60872 2.52047L11.0002 3.84257L12.3917 2.52047C12.9591 1.93874 13.6498 1.50411 14.408 1.25166C15.1663 0.999207 15.9708 0.935998 16.7569 1.06713C17.5429 1.19827 18.2883 1.52007 18.933 2.00658C19.5777 2.4931 20.1036 3.13069 20.4683 3.86794C20.9412 4.84117 21.1046 5.94601 20.9346 7.02241C20.7646 8.09882 20.2702 9.0909 19.523 9.85496L11.0002 19Z" stroke="currentColor" stroke-width="1.5" stroke-linecap="round" stroke-linejoin="round"></path></svg></button></div></div><div class="ProductTile-module_imageSection--4dy3j"><div class="ImageSection-module_imageSection--JW6B4 ImageSection-module_imageSectionSmall--wtsuO  "><a href="/Produkt/Pielegnacja-ubran/Ideenwelt-rolka-do-usuwania-klaczkow-1-szt,2098070,19723"><img loading="lazy" src="https://pro-fra-s3-productsassets.rossmann.pl/product_1_small/2098070_338_190_1751618572.webp" alt="IDEENWELT ,rolka do usuwania kłaczków,przód" data-testid="product-image"></a><div class="ImageSection-module_cmpInfoWrapper---gDf+"></div></div></div><div><a href="/Produkt/Pielegnacja-ubran/Ideenwelt-rolka-do-usuwania-klaczkow-1-szt,2098070,19723"><div title="IDEENWELT " class="DescriptionSection-module_brand--+Edq7 DescriptionSection-module_brandSmall--J0DP7" data-testid="product-brand"><strong class="DescriptionSection-module_strongSmall--8u2H2">IDEENWELT </strong></div><div title="rolka do usuwania kłaczków" class="DescriptionSection-module_caption--t+QTb DescriptionSection-module_captionSmall--ClR1Q" data-testid="product-caption">rolka do usuwania kłaczków</div><div class="DescriptionSection-module_unitSmall--AyjB0" data-testid="product-unit">1 szt.</div></a></div></section><div class="ProductTile-module_priceBox--SIN7O"><section class="w-100 flex flex-column justify-content-between"><div><div class="PriceSection-module_priceSection--eIBii"><div class="PriceSection-module_priceContainer--SxUEN"><div class="PriceSection-module_priceBox--X1xEI" data-testid="product-current-price-wrapper"><span class="PriceSection-module_price--I18Do PriceSection-module_priceSmall--UhUP0 PriceSection-module_pricePromotion--4NEgk" data-testid="product-price"><span>11</span><span>,99 zł</span></span></div><span class="PriceSection-module_pricePerUnitSmall--GF40k" data-testid="product-price-per-unit">1 szt. = 11,99 zł</span></div><div><button aria-label="Dodaj do koszyka" data-testid="product-add-to-basket-button" class="PriceSection-module_cartBtn--LT628 snrs-add-to-cart" data-sku="2098070" data-name="" data-regular-price="14.99" data-promo-price="11.99" data-omnibus-price="14.99" data-unit-price="1 szt. = 11,99 zł" data-link="/Produkt/Pielegnacja-ubran/Ideenwelt-rolka-do-usuwania-klaczkow-1-szt,2098070,19723" data-img-link="https://pro-fra-s3-productsassets.rossmann.pl/product_1_medium/2098070_360_350_1751618577.webp" data-labels="[&quot;TYLKO U NAS&quot;]" data-brand="IDEENWELT" data-caption="rolka do usuwania kłaczków" data-unit="1 szt."><svg class="ui-icon " stroke-width="1.8" width="16" height="16" viewBox="0 0 24 24" preserveAspectRatio="" fill="none" stroke="currentColor" stroke-linecap="round" stroke-linejoin="round" overflow="visible"><path d="M3.5 9.47656L6.5 3.47656"></path><path d="M20.5 9.47656L17.5 3.47656"></path><path d="M21.5 12.4766H2.5L4.2 20.9836C4.30662 21.4208 4.56062 21.808 4.91924 22.0799C5.27786 22.3518 5.7192 22.4919 6.169 22.4766H17.831C18.2808 22.4919 18.7221 22.3518 19.0808 22.0799C19.4394 21.808 19.6934 21.4208 19.8 20.9836L21.5 12.4766Z"></path><path d="M21.5 9.47656H2.5C1.94772 9.47656 1.5 9.92428 1.5 10.4766V11.4766C1.5 12.0288 1.94772 12.4766 2.5 12.4766H21.5C22.0523 12.4766 22.5 12.0288 22.5 11.4766V10.4766C22.5 9.92428 22.0523 9.47656 21.5 9.47656Z"></path><path d="M12 15.4766V18.9766"></path><path d="M16.5 15.4766L16 18.9766"></path><path d="M7.5 15.4766L8 18.9766"></path></svg></button></div></div><div class="PriceDetailSection-module_section--GiX3L" data-testid="product-omnibus"><div class="tile-product__lowest-price"><div class="LowestPrice-module_text--cofnN LowestPrice-module_textSmall--57oJQ"><span>Najniższa cena: </span><span data-testid="lowest-price-in-30-days" class="LowestPrice-module_price--E4qKq ml-1"><span data-testid="product-price" class="styles-module_strike--3Okb2  styles-module_xxxSmall--DH55z styles-module_price--9IDpJ">14<span class="styles-module_price--9IDpJ">,99</span> <span>zł</span></span></span><button aria-label="Najniższa cena od wprowadzenia" data-state="closed" class="OmnibusTrigger-module_button--G5UaQ"><svg class="ui-icon " stroke-width="1.2" width="16" height="16" viewBox="0 0 24 24" preserveAspectRatio="" fill="none" stroke="currentColor" stroke-linecap="round" stroke-linejoin="round" overflow="visible"><path d="M12 22C17.5228 22 22 17.5228 22 12C22 6.47714 17.5228 2 12 2C6.47715 2 2 6.47714 2 12C2 17.5228 6.47715 22 12 22Z"></path><path d="M14 17H12.6667C12.4309 17 12.2048 16.8946 12.0381 16.7071C11.8715 16.5196 11.7778 16.2652 11.7778 16V10.5C11.7778 10.3674 11.7309 10.2402 11.6476 10.1465C11.5643 10.0527 11.4512 10 11.3333 10H10"></path><path d="M11.7415 7C11.6034 7 11.4915 6.88807 11.4915 6.75C11.4915 6.61193 11.6034 6.5 11.7415 6.5"></path><path d="M11.7415 7C11.8795 7 11.9915 6.88807 11.9915 6.75C11.9915 6.61193 11.8795 6.5 11.7415 6.5"></path></svg></button></div></div></div></div><div class="AvailabilitySection-module_section--IibdL AvailabilitySection-module_sectionRound--7ZN6d"><div class="AvailabilitySection-module_record--sV0gc"><div class="AvailabilitySection-module_icon--FClji AvailabilitySection-module_iconHigh--A0P1q"><svg class="ui-icon AvailabilitySection-module_iconCheck--68pbU" stroke-width="1.2" width=" 24" height="24" viewBox="0 0 24 24" preserveAspectRatio="" fill="none" stroke="currentColor" stroke-linecap="round" stroke-linejoin="round" overflow="visible"><path d="M12.6667 4.30981L5.97106 13.6431L3.33337 11.0055"></path></svg></div><div class="AvailabilitySection-module_text--zxru7 AvailabilitySection-module_textSmall--n1xcJ">Dostępny online</div></div><div class="AvailabilitySection-module_record--sV0gc"><div class="AvailabilitySection-module_icon--FClji AvailabilitySection-module_iconMedium--KUbf2"><svg class="ui-icon AvailabilitySection-module_iconExclamation--udHHV" stroke-width="1.2" width=" 24" height="24" viewBox="0 0 24 24" preserveAspectRatio="" fill="none" stroke="currentColor" stroke-linecap="round" stroke-linejoin="round" overflow="visible"><path d="M12 13V7" stroke="none"></path><path d="M11.9912 16.005C11.9585 16.0055 11.9262 16.0126 11.8963 16.0257C11.8664 16.0389 11.8394 16.0579 11.8169 16.0817C11.7945 16.1055 11.777 16.1335 11.7655 16.1641C11.7541 16.1947 11.7489 16.2273 11.7502 16.26C11.7525 16.3256 11.7802 16.3878 11.8273 16.4335C11.8745 16.4792 11.9375 16.5048 12.0032 16.505C12.0359 16.5044 12.0681 16.4972 12.0979 16.484C12.1278 16.4708 12.1547 16.4518 12.1772 16.428C12.1996 16.4043 12.2171 16.3763 12.2286 16.3458C12.2401 16.3152 12.2454 16.2826 12.2442 16.25C12.2422 16.1858 12.2159 16.1248 12.1706 16.0793C12.1253 16.0338 12.0644 16.0073 12.0002 16.005H11.9952" stroke="none"></path></svg></div><button class="AvailabilitySection-module_text--zxru7 AvailabilitySection-module_shopText--7jdjN AvailabilitySection-module_textSmall--n1xcJ">Sprawdź dostępność w drogerii</button></div></div></section></div></div></div></div></div><section class="hidden flex:md place-self-end mb-1 mr-3 g-3 SwiperNavigation-module_navigation--vkoIZ  g-3"><button class="SwiperNavigation-module_button--GUJNY Button-module_button--6GOIQ Button-module_large--xQ8J+ Button-module_icon--MEzGO Button-module_secondary--KXMX3 swiper-button-disabled" id="prev_5fa746f2-01c9-4b29-979b-3202ae249a35" aria-label="Poprzedni slajd" disabled=""><svg class="ui-icon " stroke-width="1.2" width=" 24" height="24" viewBox="0 0 24 24" preserveAspectRatio="" fill="none" stroke="currentColor" stroke-linecap="round" stroke-linejoin="round" overflow="visible"><path d="M4 12H20M4 12C4 11.8968 4.02268 11.7941 4.06652 11.7C4.11037 11.606 4.17438 11.5221 4.25431 11.4538L13 4M4 12C4 12.1032 4.02268 12.2045 4.06652 12.2985C4.11037 12.3925 4.17438 12.4765 4.25431 12.5447L13 20"></path></svg></button><button class="SwiperNavigation-module_button--GUJNY Button-module_button--6GOIQ Button-module_large--xQ8J+ Button-module_icon--MEzGO Button-module_secondary--KXMX3" id="next_5fa746f2-01c9-4b29-979b-3202ae249a35" aria-label="Następny slajd"><svg class="ui-icon " stroke-width="1.2" width=" 24" height="24" viewBox="0 0 24 24" preserveAspectRatio="" fill="none" stroke="currentColor" stroke-linecap="round" stroke-linejoin="round" overflow="visible"><path d="M20 12L4 12M20 12C20 12.1032 19.9773 12.2059 19.9335 12.3C19.8896 12.394 19.8256 12.4779 19.7457 12.5462L11 20M20 12C20 11.8968 19.9773 11.7955 19.9335 11.7015C19.8896 11.6075 19.8256 11.5235 19.7457 11.4553L11 4"></path></svg></button></section></div></div></div></section></section>

Sekcja 9 (analogicznie do Sekcji 2):
<section class="layout-2024 py-3 py-6:lg overflow-hidden HvisStyles-module_containerHvisMode--hRo5h"><section class="Container-module_container--NRjJ9"><section class="flex items-baseline content-between pb-1 pb-3:lg"><div><a href="https://www.rossmann.pl/produkty?Campaign=Czysto%C5%9B%C4%87%20w%20domu&amp;SpecialCampaigns=59d01a92-8638-4b0e-bb3f-957c8121bcc9"><h2 class="SectionTitle-module_title--Y6ljG strong py-1 m-0">Korzystaj, zanim znikną!</h2>Odkryj produkty do prania, zmywania i sprzątania w supercenach 🤩</a></div><a class="nowrap Button-module_button--6GOIQ px-0" href="https://www.rossmann.pl/produkty?Campaign=Czysto%C5%9B%C4%87%20w%20domu&amp;SpecialCampaigns=59d01a92-8638-4b0e-bb3f-957c8121bcc9">Więcej <svg class="ui-icon " stroke-width="1.2" width=" 24" height="24" viewBox="0 0 24 24" preserveAspectRatio="" fill="none" stroke="currentColor" stroke-linecap="round" stroke-linejoin="round" overflow="visible"><path d="M9 18L14.9208 12.1951C14.9457 12.1707 14.9657 12.1406 14.9793 12.107C14.9929 12.0733 15 12.0369 15 12C15 11.9631 14.9929 11.9267 14.9793 11.893C14.9657 11.8594 14.9457 11.8293 14.9208 11.8049L9 6"></path></svg></a></section><div class="flex flex-column"><div class="swiper swiper-initialized swiper-horizontal pl-3 pr-4 pr-3:md mx-n3"><div class="swiper-wrapper" style="transform: translate3d(0px, 0px, 0px);"><div class="swiper-slide swiper-slide-active ProductSlider-module_slide--q59i6 mb-4" style="margin-right: 16px;"><div class="ProductTile-module_tile--yFwR2 ProductTile-module_small--bAwXa ProductTile-module_round--R0J7y ProductTile-module_bt--7Rs6T ProductTile-module_br--DiNim ProductTile-module_bb--6rqC2 ProductTile-module_bl--VrBPG " data-testid="product-container"><section><div><div class="HeaderSection-module_headerSection--0ATl3"><div class="HeaderSection-module_badgesSection--2J8Ry"><span class="styles-module_badge--ptqlS styles-module_mega--gSaUd "><span>MEGA!</span></span></div><button aria-label="Dodaj do ulubionych" data-testid="product-add-to-favorites-button" class="HeaderSection-module_favoritesBtn--AtrEF snrs-add-to-fav" data-sku="2075747"><svg class="icon HeaderSection-module_icon--izXrZ " width="22" height="20" viewBox="0 0 22 20" fill="none" xmlns="http://www.w3.org/2000/svg"><path d="M11.0002 19L2.47741 9.85496C1.72993 9.09105 1.23535 8.09895 1.06538 7.02248C0.89541 5.94601 1.05887 4.84111 1.53207 3.86794C1.89665 3.13055 2.42251 2.4928 3.0672 2.00617C3.7119 1.51954 4.45737 1.19766 5.24344 1.06652C6.02951 0.935373 6.83416 0.998637 7.59245 1.2512C8.35073 1.50376 9.04141 1.93855 9.60872 2.52047L11.0002 3.84257L12.3917 2.52047C12.9591 1.93874 13.6498 1.50411 14.408 1.25166C15.1663 0.999207 15.9708 0.935998 16.7569 1.06713C17.5429 1.19827 18.2883 1.52007 18.933 2.00658C19.5777 2.4931 20.1036 3.13069 20.4683 3.86794C20.9412 4.84117 21.1046 5.94601 20.9346 7.02241C20.7646 8.09882 20.2702 9.0909 19.523 9.85496L11.0002 19Z" stroke="currentColor" stroke-width="1.5" stroke-linecap="round" stroke-linejoin="round"></path></svg></button></div></div><div class="ProductTile-module_imageSection--4dy3j"><div class="ImageSection-module_imageSection--JW6B4 ImageSection-module_imageSectionSmall--wtsuO  "><a href="/Produkt/Dodatki-do-prania-i-suszenia/CCF1-Prasujacy-Magik-zelazko-w-plynie-500-ml,2075747,19234"><img loading="lazy" src="https://pro-fra-s3-productsassets.rossmann.pl/product_1_small/2075747_338_190_1732614667.webp" alt="CCF1 Prasujący Magik ,żelazko w płynie,przód" data-testid="product-image"></a><div class="ImageSection-module_cmpInfoWrapper---gDf+"></div></div></div><div><a href="/Produkt/Dodatki-do-prania-i-suszenia/CCF1-Prasujacy-Magik-zelazko-w-plynie-500-ml,2075747,19234"><div title="CCF1 Prasujący Magik " class="DescriptionSection-module_brand--+Edq7 DescriptionSection-module_brandSmall--J0DP7" data-testid="product-brand"><strong class="DescriptionSection-module_strongSmall--8u2H2">CCF1 Prasujący Magik </strong></div><div title="żelazko w płynie" class="DescriptionSection-module_caption--t+QTb DescriptionSection-module_captionSmall--ClR1Q" data-testid="product-caption">żelazko w płynie</div><div class="DescriptionSection-module_unitSmall--AyjB0" data-testid="product-unit">500 ml</div></a></div></section><div class="ProductTile-module_priceBox--SIN7O"><section class="w-100 flex flex-column justify-content-between"><div><div class="PriceSection-module_priceSection--eIBii"><div class="PriceSection-module_priceContainer--SxUEN"><div class="PriceSection-module_priceBox--X1xEI" data-testid="product-current-price-wrapper"><span class="PriceSection-module_price--I18Do PriceSection-module_priceSmall--UhUP0 PriceSection-module_pricePromotion--4NEgk" data-testid="product-price"><span>17</span><span>,99 zł</span></span></div><span class="PriceSection-module_pricePerUnitSmall--GF40k" data-testid="product-price-per-unit">100 ml = 3,60 zł</span></div><div><button aria-label="Dodaj do koszyka" data-testid="product-add-to-basket-button" class="PriceSection-module_cartBtn--LT628 snrs-add-to-cart" data-sku="2075747" data-name="Prasujący Magik " data-regular-price="24.99" data-promo-price="17.99" data-omnibus-price="24.99" data-unit-price="100 ml = 3,60 zł" data-link="/Produkt/Dodatki-do-prania-i-suszenia/CCF1-Prasujacy-Magik-zelazko-w-plynie-500-ml,2075747,19234" data-img-link="https://pro-fra-s3-productsassets.rossmann.pl/product_1_medium/2075747_360_350_1732614669.webp" data-labels="[&quot;MEGA!&quot;]" data-brand="CCF1" data-caption="żelazko w płynie" data-unit="500 ml"><svg class="ui-icon " stroke-width="1.8" width="16" height="16" viewBox="0 0 24 24" preserveAspectRatio="" fill="none" stroke="currentColor" stroke-linecap="round" stroke-linejoin="round" overflow="visible"><path d="M3.5 9.47656L6.5 3.47656"></path><path d="M20.5 9.47656L17.5 3.47656"></path><path d="M21.5 12.4766H2.5L4.2 20.9836C4.30662 21.4208 4.56062 21.808 4.91924 22.0799C5.27786 22.3518 5.7192 22.4919 6.169 22.4766H17.831C18.2808 22.4919 18.7221 22.3518 19.0808 22.0799C19.4394 21.808 19.6934 21.4208 19.8 20.9836L21.5 12.4766Z"></path><path d="M21.5 9.47656H2.5C1.94772 9.47656 1.5 9.92428 1.5 10.4766V11.4766C1.5 12.0288 1.94772 12.4766 2.5 12.4766H21.5C22.0523 12.4766 22.5 12.0288 22.5 11.4766V10.4766C22.5 9.92428 22.0523 9.47656 21.5 9.47656Z"></path><path d="M12 15.4766V18.9766"></path><path d="M16.5 15.4766L16 18.9766"></path><path d="M7.5 15.4766L8 18.9766"></path></svg></button></div></div><div class="PriceDetailSection-module_section--GiX3L" data-testid="product-omnibus"><div class="tile-product__lowest-price"><div class="LowestPrice-module_text--cofnN LowestPrice-module_textSmall--57oJQ"><span>Najniższa cena: </span><span data-testid="lowest-price-in-30-days" class="LowestPrice-module_price--E4qKq ml-1"><span data-testid="product-price" class="styles-module_strike--3Okb2  styles-module_xxxSmall--DH55z styles-module_price--9IDpJ">24<span class="styles-module_price--9IDpJ">,99</span> <span>zł</span></span></span><button aria-label="Najniższa cena z 30 dni przed obniżką" data-state="closed" class="OmnibusTrigger-module_button--G5UaQ"><svg class="ui-icon " stroke-width="1.2" width="16" height="16" viewBox="0 0 24 24" preserveAspectRatio="" fill="none" stroke="currentColor" stroke-linecap="round" stroke-linejoin="round" overflow="visible"><path d="M12 22C17.5228 22 22 17.5228 22 12C22 6.47714 17.5228 2 12 2C6.47715 2 2 6.47714 2 12C2 17.5228 6.47715 22 12 22Z"></path><path d="M14 17H12.6667C12.4309 17 12.2048 16.8946 12.0381 16.7071C11.8715 16.5196 11.7778 16.2652 11.7778 16V10.5C11.7778 10.3674 11.7309 10.2402 11.6476 10.1465C11.5643 10.0527 11.4512 10 11.3333 10H10"></path><path d="M11.7415 7C11.6034 7 11.4915 6.88807 11.4915 6.75C11.4915 6.61193 11.6034 6.5 11.7415 6.5"></path><path d="M11.7415 7C11.8795 7 11.9915 6.88807 11.9915 6.75C11.9915 6.61193 11.8795 6.5 11.7415 6.5"></path></svg></button></div></div></div></div><div class="AvailabilitySection-module_section--IibdL AvailabilitySection-module_sectionRound--7ZN6d"><div class="AvailabilitySection-module_record--sV0gc"><div class="AvailabilitySection-module_icon--FClji AvailabilitySection-module_iconHigh--A0P1q"><svg class="ui-icon AvailabilitySection-module_iconCheck--68pbU" stroke-width="1.2" width=" 24" height="24" viewBox="0 0 24 24" preserveAspectRatio="" fill="none" stroke="currentColor" stroke-linecap="round" stroke-linejoin="round" overflow="visible"><path d="M12.6667 4.30981L5.97106 13.6431L3.33337 11.0055"></path></svg></div><div class="AvailabilitySection-module_text--zxru7 AvailabilitySection-module_textSmall--n1xcJ">Dostępny online</div></div><div class="AvailabilitySection-module_record--sV0gc"><div class="AvailabilitySection-module_icon--FClji AvailabilitySection-module_iconMedium--KUbf2"><svg class="ui-icon AvailabilitySection-module_iconExclamation--udHHV" stroke-width="1.2" width=" 24" height="24" viewBox="0 0 24 24" preserveAspectRatio="" fill="none" stroke="currentColor" stroke-linecap="round" stroke-linejoin="round" overflow="visible"><path d="M12 13V7" stroke="none"></path><path d="M11.9912 16.005C11.9585 16.0055 11.9262 16.0126 11.8963 16.0257C11.8664 16.0389 11.8394 16.0579 11.8169 16.0817C11.7945 16.1055 11.777 16.1335 11.7655 16.1641C11.7541 16.1947 11.7489 16.2273 11.7502 16.26C11.7525 16.3256 11.7802 16.3878 11.8273 16.4335C11.8745 16.4792 11.9375 16.5048 12.0032 16.505C12.0359 16.5044 12.0681 16.4972 12.0979 16.484C12.1278 16.4708 12.1547 16.4518 12.1772 16.428C12.1996 16.4043 12.2171 16.3763 12.2286 16.3458C12.2401 16.3152 12.2454 16.2826 12.2442 16.25C12.2422 16.1858 12.2159 16.1248 12.1706 16.0793C12.1253 16.0338 12.0644 16.0073 12.0002 16.005H11.9952" stroke="none"></path></svg></div><button class="AvailabilitySection-module_text--zxru7 AvailabilitySection-module_shopText--7jdjN AvailabilitySection-module_textSmall--n1xcJ">Sprawdź dostępność w drogerii</button></div></div></section></div></div></div><div class="swiper-slide swiper-slide-next ProductSlider-module_slide--q59i6 mb-4" style="margin-right: 16px;"><div class="ProductTile-module_tile--yFwR2 ProductTile-module_small--bAwXa ProductTile-module_round--R0J7y ProductTile-module_bt--7Rs6T ProductTile-module_br--DiNim ProductTile-module_bb--6rqC2 ProductTile-module_bl--VrBPG " data-testid="product-container"><section><div><div class="HeaderSection-module_headerSection--0ATl3"><div class="HeaderSection-module_badgesSection--2J8Ry"><span class="styles-module_badge--ptqlS styles-module_mega--gSaUd "><span>MEGA!</span></span></div><button aria-label="Dodaj do ulubionych" data-testid="product-add-to-favorites-button" class="HeaderSection-module_favoritesBtn--AtrEF snrs-add-to-fav" data-sku="2109968"><svg class="icon HeaderSection-module_icon--izXrZ " width="22" height="20" viewBox="0 0 22 20" fill="none" xmlns="http://www.w3.org/2000/svg"><path d="M11.0002 19L2.47741 9.85496C1.72993 9.09105 1.23535 8.09895 1.06538 7.02248C0.89541 5.94601 1.05887 4.84111 1.53207 3.86794C1.89665 3.13055 2.42251 2.4928 3.0672 2.00617C3.7119 1.51954 4.45737 1.19766 5.24344 1.06652C6.02951 0.935373 6.83416 0.998637 7.59245 1.2512C8.35073 1.50376 9.04141 1.93855 9.60872 2.52047L11.0002 3.84257L12.3917 2.52047C12.9591 1.93874 13.6498 1.50411 14.408 1.25166C15.1663 0.999207 15.9708 0.935998 16.7569 1.06713C17.5429 1.19827 18.2883 1.52007 18.933 2.00658C19.5777 2.4931 20.1036 3.13069 20.4683 3.86794C20.9412 4.84117 21.1046 5.94601 20.9346 7.02241C20.7646 8.09882 20.2702 9.0909 19.523 9.85496L11.0002 19Z" stroke="currentColor" stroke-width="1.5" stroke-linecap="round" stroke-linejoin="round"></path></svg></button></div></div><div class="ProductTile-module_imageSection--4dy3j"><div class="ImageSection-module_imageSection--JW6B4 ImageSection-module_imageSectionSmall--wtsuO  "><a href="/Produkt/Plyny-i-zele-do-prania/Coccolino-Wonder-Wash-Speed-Clean-zel-do-prania-1-48-l,2109968,19229"><img loading="lazy" src="https://pro-fra-s3-productsassets.rossmann.pl/product_1_small/2109968_338_190_1745997762.webp" alt="COCCOLINO Wonder Wash Speed Clean,żel do prania,przód" data-testid="product-image"></a><div class="ImageSection-module_cmpInfoWrapper---gDf+"></div></div></div><div><a href="/Produkt/Plyny-i-zele-do-prania/Coccolino-Wonder-Wash-Speed-Clean-zel-do-prania-1-48-l,2109968,19229"><div title="COCCOLINO Wonder Wash Speed Clean" class="DescriptionSection-module_brand--+Edq7 DescriptionSection-module_brandSmall--J0DP7" data-testid="product-brand"><strong class="DescriptionSection-module_strongSmall--8u2H2">COCCOLINO Wonder Wash Speed Clean</strong></div><div title="żel do prania" class="DescriptionSection-module_caption--t+QTb DescriptionSection-module_captionSmall--ClR1Q" data-testid="product-caption">żel do prania</div><div class="DescriptionSection-module_unitSmall--AyjB0" data-testid="product-unit">1,48 l</div></a></div></section><div class="ProductTile-module_priceBox--SIN7O"><section class="w-100 flex flex-column justify-content-between"><div><div class="PriceSection-module_priceSection--eIBii"><div class="PriceSection-module_priceContainer--SxUEN"><div class="PriceSection-module_priceBox--X1xEI" data-testid="product-current-price-wrapper"><span class="PriceSection-module_price--I18Do PriceSection-module_priceSmall--UhUP0 PriceSection-module_pricePromotion--4NEgk" data-testid="product-price"><span>34</span><span>,99 zł</span></span></div><span class="PriceSection-module_pricePerUnitSmall--GF40k" data-testid="product-price-per-unit">1 l = 23,64 zł</span></div><div><button aria-label="Dodaj do koszyka" data-testid="product-add-to-basket-button" class="PriceSection-module_cartBtn--LT628 snrs-add-to-cart" data-sku="2109968" data-name="Wonder Wash Speed Clean" data-regular-price="49.99" data-promo-price="34.99" data-omnibus-price="49.99" data-unit-price="1 l = 23,64 zł" data-link="/Produkt/Plyny-i-zele-do-prania/Coccolino-Wonder-Wash-Speed-Clean-zel-do-prania-1-48-l,2109968,19229" data-img-link="https://pro-fra-s3-productsassets.rossmann.pl/product_1_medium/2109968_360_350_1745997764.webp" data-labels="[&quot;MEGA!&quot;]" data-brand="COCCOLINO" data-caption="żel do prania" data-unit="1,48 l"><svg class="ui-icon " stroke-width="1.8" width="16" height="16" viewBox="0 0 24 24" preserveAspectRatio="" fill="none" stroke="currentColor" stroke-linecap="round" stroke-linejoin="round" overflow="visible"><path d="M3.5 9.47656L6.5 3.47656"></path><path d="M20.5 9.47656L17.5 3.47656"></path><path d="M21.5 12.4766H2.5L4.2 20.9836C4.30662 21.4208 4.56062 21.808 4.91924 22.0799C5.27786 22.3518 5.7192 22.4919 6.169 22.4766H17.831C18.2808 22.4919 18.7221 22.3518 19.0808 22.0799C19.4394 21.808 19.6934 21.4208 19.8 20.9836L21.5 12.4766Z"></path><path d="M21.5 9.47656H2.5C1.94772 9.47656 1.5 9.92428 1.5 10.4766V11.4766C1.5 12.0288 1.94772 12.4766 2.5 12.4766H21.5C22.0523 12.4766 22.5 12.0288 22.5 11.4766V10.4766C22.5 9.92428 22.0523 9.47656 21.5 9.47656Z"></path><path d="M12 15.4766V18.9766"></path><path d="M16.5 15.4766L16 18.9766"></path><path d="M7.5 15.4766L8 18.9766"></path></svg></button></div></div><div class="PriceDetailSection-module_section--GiX3L" data-testid="product-omnibus"><div class="tile-product__lowest-price"><div class="LowestPrice-module_text--cofnN LowestPrice-module_textSmall--57oJQ"><span>Najniższa cena: </span><span data-testid="lowest-price-in-30-days" class="LowestPrice-module_price--E4qKq ml-1"><span data-testid="product-price" class="styles-module_strike--3Okb2  styles-module_xxxSmall--DH55z styles-module_price--9IDpJ">49<span class="styles-module_price--9IDpJ">,99</span> <span>zł</span></span></span><button aria-label="Najniższa cena z 30 dni przed obniżką" data-state="closed" class="OmnibusTrigger-module_button--G5UaQ"><svg class="ui-icon " stroke-width="1.2" width="16" height="16" viewBox="0 0 24 24" preserveAspectRatio="" fill="none" stroke="currentColor" stroke-linecap="round" stroke-linejoin="round" overflow="visible"><path d="M12 22C17.5228 22 22 17.5228 22 12C22 6.47714 17.5228 2 12 2C6.47715 2 2 6.47714 2 12C2 17.5228 6.47715 22 12 22Z"></path><path d="M14 17H12.6667C12.4309 17 12.2048 16.8946 12.0381 16.7071C11.8715 16.5196 11.7778 16.2652 11.7778 16V10.5C11.7778 10.3674 11.7309 10.2402 11.6476 10.1465C11.5643 10.0527 11.4512 10 11.3333 10H10"></path><path d="M11.7415 7C11.6034 7 11.4915 6.88807 11.4915 6.75C11.4915 6.61193 11.6034 6.5 11.7415 6.5"></path><path d="M11.7415 7C11.8795 7 11.9915 6.88807 11.9915 6.75C11.9915 6.61193 11.8795 6.5 11.7415 6.5"></path></svg></button></div></div></div></div><div class="AvailabilitySection-module_section--IibdL AvailabilitySection-module_sectionRound--7ZN6d"><div class="AvailabilitySection-module_record--sV0gc"><div class="AvailabilitySection-module_icon--FClji AvailabilitySection-module_iconHigh--A0P1q"><svg class="ui-icon AvailabilitySection-module_iconCheck--68pbU" stroke-width="1.2" width=" 24" height="24" viewBox="0 0 24 24" preserveAspectRatio="" fill="none" stroke="currentColor" stroke-linecap="round" stroke-linejoin="round" overflow="visible"><path d="M12.6667 4.30981L5.97106 13.6431L3.33337 11.0055"></path></svg></div><div class="AvailabilitySection-module_text--zxru7 AvailabilitySection-module_textSmall--n1xcJ">Dostępny online</div></div><div class="AvailabilitySection-module_record--sV0gc"><div class="AvailabilitySection-module_icon--FClji AvailabilitySection-module_iconMedium--KUbf2"><svg class="ui-icon AvailabilitySection-module_iconExclamation--udHHV" stroke-width="1.2" width=" 24" height="24" viewBox="0 0 24 24" preserveAspectRatio="" fill="none" stroke="currentColor" stroke-linecap="round" stroke-linejoin="round" overflow="visible"><path d="M12 13V7" stroke="none"></path><path d="M11.9912 16.005C11.9585 16.0055 11.9262 16.0126 11.8963 16.0257C11.8664 16.0389 11.8394 16.0579 11.8169 16.0817C11.7945 16.1055 11.777 16.1335 11.7655 16.1641C11.7541 16.1947 11.7489 16.2273 11.7502 16.26C11.7525 16.3256 11.7802 16.3878 11.8273 16.4335C11.8745 16.4792 11.9375 16.5048 12.0032 16.505C12.0359 16.5044 12.0681 16.4972 12.0979 16.484C12.1278 16.4708 12.1547 16.4518 12.1772 16.428C12.1996 16.4043 12.2171 16.3763 12.2286 16.3458C12.2401 16.3152 12.2454 16.2826 12.2442 16.25C12.2422 16.1858 12.2159 16.1248 12.1706 16.0793C12.1253 16.0338 12.0644 16.0073 12.0002 16.005H11.9952" stroke="none"></path></svg></div><button class="AvailabilitySection-module_text--zxru7 AvailabilitySection-module_shopText--7jdjN AvailabilitySection-module_textSmall--n1xcJ">Sprawdź dostępność w drogerii</button></div></div></section></div></div></div><div class="swiper-slide ProductSlider-module_slide--q59i6 mb-4" style="margin-right: 16px;"><div class="ProductTile-module_tile--yFwR2 ProductTile-module_small--bAwXa ProductTile-module_round--R0J7y ProductTile-module_bt--7Rs6T ProductTile-module_br--DiNim ProductTile-module_bb--6rqC2 ProductTile-module_bl--VrBPG " data-testid="product-container"><section><div><div class="HeaderSection-module_headerSection--0ATl3"><div class="HeaderSection-module_badgesSection--2J8Ry"><span class="styles-module_badge--ptqlS styles-module_mega--gSaUd "><span>MEGA!</span></span></div><button aria-label="Dodaj do ulubionych" data-testid="product-add-to-favorites-button" class="HeaderSection-module_favoritesBtn--AtrEF snrs-add-to-fav" data-sku="2116202"><svg class="icon HeaderSection-module_icon--izXrZ " width="22" height="20" viewBox="0 0 22 20" fill="none" xmlns="http://www.w3.org/2000/svg"><path d="M11.0002 19L2.47741 9.85496C1.72993 9.09105 1.23535 8.09895 1.06538 7.02248C0.89541 5.94601 1.05887 4.84111 1.53207 3.86794C1.89665 3.13055 2.42251 2.4928 3.0672 2.00617C3.7119 1.51954 4.45737 1.19766 5.24344 1.06652C6.02951 0.935373 6.83416 0.998637 7.59245 1.2512C8.35073 1.50376 9.04141 1.93855 9.60872 2.52047L11.0002 3.84257L12.3917 2.52047C12.9591 1.93874 13.6498 1.50411 14.408 1.25166C15.1663 0.999207 15.9708 0.935998 16.7569 1.06713C17.5429 1.19827 18.2883 1.52007 18.933 2.00658C19.5777 2.4931 20.1036 3.13069 20.4683 3.86794C20.9412 4.84117 21.1046 5.94601 20.9346 7.02241C20.7646 8.09882 20.2702 9.0909 19.523 9.85496L11.0002 19Z" stroke="currentColor" stroke-width="1.5" stroke-linecap="round" stroke-linejoin="round"></path></svg></button></div></div><div class="ProductTile-module_imageSection--4dy3j"><div class="ImageSection-module_imageSection--JW6B4 ImageSection-module_imageSectionSmall--wtsuO  "><a href="/Produkt/Srodki-do-mycia-lazienki/Cleangang-BlackAsFact-srodek-do-czyszczenia-czarnej-armatury-i-zlewow-500-ml,2116202,19223"><img loading="lazy" src="https://pro-fra-s3-productsassets.rossmann.pl/product_1_small/2116202_338_190_1752658415.webp" alt="CLEANGANG Black*As*Fact ,środek do czyszczenia czarnej armatury i zlewów,przód" data-testid="product-image"></a><div class="ImageSection-module_cmpInfoWrapper---gDf+"></div></div></div><div><a href="/Produkt/Srodki-do-mycia-lazienki/Cleangang-BlackAsFact-srodek-do-czyszczenia-czarnej-armatury-i-zlewow-500-ml,2116202,19223"><div title="CLEANGANG Black*As*Fact " class="DescriptionSection-module_brand--+Edq7 DescriptionSection-module_brandSmall--J0DP7" data-testid="product-brand"><strong class="DescriptionSection-module_strongSmall--8u2H2">CLEANGANG Black*As*Fact </strong></div><div title="środek do czyszczenia czarnej armatury i zlewów" class="DescriptionSection-module_caption--t+QTb DescriptionSection-module_captionSmall--ClR1Q" data-testid="product-caption">środek do czyszczenia czarnej armatury i zlewów</div><div class="DescriptionSection-module_unitSmall--AyjB0" data-testid="product-unit">500 ml</div></a></div></section><div class="ProductTile-module_priceBox--SIN7O"><section class="w-100 flex flex-column justify-content-between"><div><div class="PriceSection-module_priceSection--eIBii"><div class="PriceSection-module_priceContainer--SxUEN"><div class="PriceSection-module_priceBox--X1xEI" data-testid="product-current-price-wrapper"><span class="PriceSection-module_price--I18Do PriceSection-module_priceSmall--UhUP0 PriceSection-module_pricePromotion--4NEgk" data-testid="product-price"><span>18</span><span>,99 zł</span></span></div><span class="PriceSection-module_pricePerUnitSmall--GF40k" data-testid="product-price-per-unit">100 ml = 3,80 zł</span></div><div><button aria-label="Dodaj do koszyka" data-testid="product-add-to-basket-button" class="PriceSection-module_cartBtn--LT628 snrs-add-to-cart" data-sku="2116202" data-name="Black*As*Fact " data-regular-price="25.99" data-promo-price="18.99" data-omnibus-price="25.99" data-unit-price="100 ml = 3,80 zł" data-link="/Produkt/Srodki-do-mycia-lazienki/Cleangang-BlackAsFact-srodek-do-czyszczenia-czarnej-armatury-i-zlewow-500-ml,2116202,19223" data-img-link="https://pro-fra-s3-productsassets.rossmann.pl/product_1_medium/2116202_360_350_1752658416.webp" data-labels="[&quot;MEGA!&quot;]" data-brand="CLEANGANG" data-caption="środek do czyszczenia czarnej armatury i zlewów" data-unit="500 ml"><svg class="ui-icon " stroke-width="1.8" width="16" height="16" viewBox="0 0 24 24" preserveAspectRatio="" fill="none" stroke="currentColor" stroke-linecap="round" stroke-linejoin="round" overflow="visible"><path d="M3.5 9.47656L6.5 3.47656"></path><path d="M20.5 9.47656L17.5 3.47656"></path><path d="M21.5 12.4766H2.5L4.2 20.9836C4.30662 21.4208 4.56062 21.808 4.91924 22.0799C5.27786 22.3518 5.7192 22.4919 6.169 22.4766H17.831C18.2808 22.4919 18.7221 22.3518 19.0808 22.0799C19.4394 21.808 19.6934 21.4208 19.8 20.9836L21.5 12.4766Z"></path><path d="M21.5 9.47656H2.5C1.94772 9.47656 1.5 9.92428 1.5 10.4766V11.4766C1.5 12.0288 1.94772 12.4766 2.5 12.4766H21.5C22.0523 12.4766 22.5 12.0288 22.5 11.4766V10.4766C22.5 9.92428 22.0523 9.47656 21.5 9.47656Z"></path><path d="M12 15.4766V18.9766"></path><path d="M16.5 15.4766L16 18.9766"></path><path d="M7.5 15.4766L8 18.9766"></path></svg></button></div></div><div class="PriceDetailSection-module_section--GiX3L" data-testid="product-omnibus"><div class="tile-product__lowest-price"><div class="LowestPrice-module_text--cofnN LowestPrice-module_textSmall--57oJQ"><span>Najniższa cena: </span><span data-testid="lowest-price-in-30-days" class="LowestPrice-module_price--E4qKq ml-1"><span data-testid="product-price" class="styles-module_strike--3Okb2  styles-module_xxxSmall--DH55z styles-module_price--9IDpJ">25<span class="styles-module_price--9IDpJ">,99</span> <span>zł</span></span></span><button aria-label="Najniższa cena od wprowadzenia" data-state="closed" class="OmnibusTrigger-module_button--G5UaQ"><svg class="ui-icon " stroke-width="1.2" width="16" height="16" viewBox="0 0 24 24" preserveAspectRatio="" fill="none" stroke="currentColor" stroke-linecap="round" stroke-linejoin="round" overflow="visible"><path d="M12 22C17.5228 22 22 17.5228 22 12C22 6.47714 17.5228 2 12 2C6.47715 2 2 6.47714 2 12C2 17.5228 6.47715 22 12 22Z"></path><path d="M14 17H12.6667C12.4309 17 12.2048 16.8946 12.0381 16.7071C11.8715 16.5196 11.7778 16.2652 11.7778 16V10.5C11.7778 10.3674 11.7309 10.2402 11.6476 10.1465C11.5643 10.0527 11.4512 10 11.3333 10H10"></path><path d="M11.7415 7C11.6034 7 11.4915 6.88807 11.4915 6.75C11.4915 6.61193 11.6034 6.5 11.7415 6.5"></path><path d="M11.7415 7C11.8795 7 11.9915 6.88807 11.9915 6.75C11.9915 6.61193 11.8795 6.5 11.7415 6.5"></path></svg></button></div></div></div></div><div class="AvailabilitySection-module_section--IibdL AvailabilitySection-module_sectionRound--7ZN6d"><div class="AvailabilitySection-module_record--sV0gc"><div class="AvailabilitySection-module_icon--FClji AvailabilitySection-module_iconHigh--A0P1q"><svg class="ui-icon AvailabilitySection-module_iconCheck--68pbU" stroke-width="1.2" width=" 24" height="24" viewBox="0 0 24 24" preserveAspectRatio="" fill="none" stroke="currentColor" stroke-linecap="round" stroke-linejoin="round" overflow="visible"><path d="M12.6667 4.30981L5.97106 13.6431L3.33337 11.0055"></path></svg></div><div class="AvailabilitySection-module_text--zxru7 AvailabilitySection-module_textSmall--n1xcJ">Dostępny online</div></div><div class="AvailabilitySection-module_record--sV0gc"><div class="AvailabilitySection-module_icon--FClji AvailabilitySection-module_iconMedium--KUbf2"><svg class="ui-icon AvailabilitySection-module_iconExclamation--udHHV" stroke-width="1.2" width=" 24" height="24" viewBox="0 0 24 24" preserveAspectRatio="" fill="none" stroke="currentColor" stroke-linecap="round" stroke-linejoin="round" overflow="visible"><path d="M12 13V7" stroke="none"></path><path d="M11.9912 16.005C11.9585 16.0055 11.9262 16.0126 11.8963 16.0257C11.8664 16.0389 11.8394 16.0579 11.8169 16.0817C11.7945 16.1055 11.777 16.1335 11.7655 16.1641C11.7541 16.1947 11.7489 16.2273 11.7502 16.26C11.7525 16.3256 11.7802 16.3878 11.8273 16.4335C11.8745 16.4792 11.9375 16.5048 12.0032 16.505C12.0359 16.5044 12.0681 16.4972 12.0979 16.484C12.1278 16.4708 12.1547 16.4518 12.1772 16.428C12.1996 16.4043 12.2171 16.3763 12.2286 16.3458C12.2401 16.3152 12.2454 16.2826 12.2442 16.25C12.2422 16.1858 12.2159 16.1248 12.1706 16.0793C12.1253 16.0338 12.0644 16.0073 12.0002 16.005H11.9952" stroke="none"></path></svg></div><button class="AvailabilitySection-module_text--zxru7 AvailabilitySection-module_shopText--7jdjN AvailabilitySection-module_textSmall--n1xcJ">Sprawdź dostępność w drogerii</button></div></div></section></div></div></div><div class="swiper-slide ProductSlider-module_slide--q59i6 mb-4" style="margin-right: 16px;"><div class="ProductTile-module_tile--yFwR2 ProductTile-module_small--bAwXa ProductTile-module_round--R0J7y ProductTile-module_bt--7Rs6T ProductTile-module_br--DiNim ProductTile-module_bb--6rqC2 ProductTile-module_bl--VrBPG " data-testid="product-container"><section><div><div class="HeaderSection-module_headerSection--0ATl3"><div class="HeaderSection-module_badgesSection--2J8Ry"><span class="styles-module_badge--ptqlS styles-module_mega--gSaUd "><span>MEGA!</span></span></div><button aria-label="Dodaj do ulubionych" data-testid="product-add-to-favorites-button" class="HeaderSection-module_favoritesBtn--AtrEF snrs-add-to-fav" data-sku="2116289"><svg class="icon HeaderSection-module_icon--izXrZ " width="22" height="20" viewBox="0 0 22 20" fill="none" xmlns="http://www.w3.org/2000/svg"><path d="M11.0002 19L2.47741 9.85496C1.72993 9.09105 1.23535 8.09895 1.06538 7.02248C0.89541 5.94601 1.05887 4.84111 1.53207 3.86794C1.89665 3.13055 2.42251 2.4928 3.0672 2.00617C3.7119 1.51954 4.45737 1.19766 5.24344 1.06652C6.02951 0.935373 6.83416 0.998637 7.59245 1.2512C8.35073 1.50376 9.04141 1.93855 9.60872 2.52047L11.0002 3.84257L12.3917 2.52047C12.9591 1.93874 13.6498 1.50411 14.408 1.25166C15.1663 0.999207 15.9708 0.935998 16.7569 1.06713C17.5429 1.19827 18.2883 1.52007 18.933 2.00658C19.5777 2.4931 20.1036 3.13069 20.4683 3.86794C20.9412 4.84117 21.1046 5.94601 20.9346 7.02241C20.7646 8.09882 20.2702 9.0909 19.523 9.85496L11.0002 19Z" stroke="currentColor" stroke-width="1.5" stroke-linecap="round" stroke-linejoin="round"></path></svg></button></div></div><div class="ProductTile-module_imageSection--4dy3j"><div class="ImageSection-module_imageSection--JW6B4 ImageSection-module_imageSectionSmall--wtsuO  "><a href="/Produkt/Dodatki-do-prania-i-suszenia/Mill-Spray-Iron-Soft-Wave-zelazko-w-plynie-100-ml,2116289,19234"><img loading="lazy" src="https://pro-fra-s3-productsassets.rossmann.pl/product_1_small/2116289_338_190_1753102892.webp" alt="MILL Spray Iron Soft Wave,żelazko w płynie,przód" data-testid="product-image"></a><div class="ImageSection-module_cmpInfoWrapper---gDf+"></div></div></div><div><a href="/Produkt/Dodatki-do-prania-i-suszenia/Mill-Spray-Iron-Soft-Wave-zelazko-w-plynie-100-ml,2116289,19234"><div title="MILL Spray Iron Soft Wave" class="DescriptionSection-module_brand--+Edq7 DescriptionSection-module_brandSmall--J0DP7" data-testid="product-brand"><strong class="DescriptionSection-module_strongSmall--8u2H2">MILL Spray Iron Soft Wave</strong></div><div title="żelazko w płynie" class="DescriptionSection-module_caption--t+QTb DescriptionSection-module_captionSmall--ClR1Q" data-testid="product-caption">żelazko w płynie</div><div class="DescriptionSection-module_unitSmall--AyjB0" data-testid="product-unit">100 ml</div></a></div></section><div class="ProductTile-module_priceBox--SIN7O"><section class="w-100 flex flex-column justify-content-between"><div><div class="PriceSection-module_priceSection--eIBii"><div class="PriceSection-module_priceContainer--SxUEN"><div class="PriceSection-module_priceBox--X1xEI" data-testid="product-current-price-wrapper"><span class="PriceSection-module_price--I18Do PriceSection-module_priceSmall--UhUP0 PriceSection-module_pricePromotion--4NEgk" data-testid="product-price"><span>9</span><span>,99 zł</span></span></div><span class="PriceSection-module_pricePerUnitSmall--GF40k" data-testid="product-price-per-unit">100 ml = 9,99 zł</span></div><div><button aria-label="Dodaj do koszyka" data-testid="product-add-to-basket-button" class="PriceSection-module_cartBtn--LT628 snrs-add-to-cart" data-sku="2116289" data-name="Spray Iron Soft Wave" data-regular-price="14.99" data-promo-price="9.99" data-omnibus-price="14.99" data-unit-price="100 ml = 9,99 zł" data-link="/Produkt/Dodatki-do-prania-i-suszenia/Mill-Spray-Iron-Soft-Wave-zelazko-w-plynie-100-ml,2116289,19234" data-img-link="https://pro-fra-s3-productsassets.rossmann.pl/product_1_medium/2116289_360_350_1753102896.webp" data-labels="[&quot;MEGA!&quot;]" data-brand="MILL" data-caption="żelazko w płynie" data-unit="100 ml"><svg class="ui-icon " stroke-width="1.8" width="16" height="16" viewBox="0 0 24 24" preserveAspectRatio="" fill="none" stroke="currentColor" stroke-linecap="round" stroke-linejoin="round" overflow="visible"><path d="M3.5 9.47656L6.5 3.47656"></path><path d="M20.5 9.47656L17.5 3.47656"></path><path d="M21.5 12.4766H2.5L4.2 20.9836C4.30662 21.4208 4.56062 21.808 4.91924 22.0799C5.27786 22.3518 5.7192 22.4919 6.169 22.4766H17.831C18.2808 22.4919 18.7221 22.3518 19.0808 22.0799C19.4394 21.808 19.6934 21.4208 19.8 20.9836L21.5 12.4766Z"></path><path d="M21.5 9.47656H2.5C1.94772 9.47656 1.5 9.92428 1.5 10.4766V11.4766C1.5 12.0288 1.94772 12.4766 2.5 12.4766H21.5C22.0523 12.4766 22.5 12.0288 22.5 11.4766V10.4766C22.5 9.92428 22.0523 9.47656 21.5 9.47656Z"></path><path d="M12 15.4766V18.9766"></path><path d="M16.5 15.4766L16 18.9766"></path><path d="M7.5 15.4766L8 18.9766"></path></svg></button></div></div><div class="PriceDetailSection-module_section--GiX3L" data-testid="product-omnibus"><div class="tile-product__lowest-price"><div class="LowestPrice-module_text--cofnN LowestPrice-module_textSmall--57oJQ"><span>Najniższa cena: </span><span data-testid="lowest-price-in-30-days" class="LowestPrice-module_price--E4qKq ml-1"><span data-testid="product-price" class="styles-module_strike--3Okb2  styles-module_xxxSmall--DH55z styles-module_price--9IDpJ">14<span class="styles-module_price--9IDpJ">,99</span> <span>zł</span></span></span><button aria-label="Najniższa cena od wprowadzenia" data-state="closed" class="OmnibusTrigger-module_button--G5UaQ"><svg class="ui-icon " stroke-width="1.2" width="16" height="16" viewBox="0 0 24 24" preserveAspectRatio="" fill="none" stroke="currentColor" stroke-linecap="round" stroke-linejoin="round" overflow="visible"><path d="M12 22C17.5228 22 22 17.5228 22 12C22 6.47714 17.5228 2 12 2C6.47715 2 2 6.47714 2 12C2 17.5228 6.47715 22 12 22Z"></path><path d="M14 17H12.6667C12.4309 17 12.2048 16.8946 12.0381 16.7071C11.8715 16.5196 11.7778 16.2652 11.7778 16V10.5C11.7778 10.3674 11.7309 10.2402 11.6476 10.1465C11.5643 10.0527 11.4512 10 11.3333 10H10"></path><path d="M11.7415 7C11.6034 7 11.4915 6.88807 11.4915 6.75C11.4915 6.61193 11.6034 6.5 11.7415 6.5"></path><path d="M11.7415 7C11.8795 7 11.9915 6.88807 11.9915 6.75C11.9915 6.61193 11.8795 6.5 11.7415 6.5"></path></svg></button></div></div></div></div><div class="AvailabilitySection-module_section--IibdL AvailabilitySection-module_sectionRound--7ZN6d"><div class="AvailabilitySection-module_record--sV0gc"><div class="AvailabilitySection-module_icon--FClji AvailabilitySection-module_iconHigh--A0P1q"><svg class="ui-icon AvailabilitySection-module_iconCheck--68pbU" stroke-width="1.2" width=" 24" height="24" viewBox="0 0 24 24" preserveAspectRatio="" fill="none" stroke="currentColor" stroke-linecap="round" stroke-linejoin="round" overflow="visible"><path d="M12.6667 4.30981L5.97106 13.6431L3.33337 11.0055"></path></svg></div><div class="AvailabilitySection-module_text--zxru7 AvailabilitySection-module_textSmall--n1xcJ">Dostępny online</div></div><div class="AvailabilitySection-module_record--sV0gc"><div class="AvailabilitySection-module_icon--FClji AvailabilitySection-module_iconMedium--KUbf2"><svg class="ui-icon AvailabilitySection-module_iconExclamation--udHHV" stroke-width="1.2" width=" 24" height="24" viewBox="0 0 24 24" preserveAspectRatio="" fill="none" stroke="currentColor" stroke-linecap="round" stroke-linejoin="round" overflow="visible"><path d="M12 13V7" stroke="none"></path><path d="M11.9912 16.005C11.9585 16.0055 11.9262 16.0126 11.8963 16.0257C11.8664 16.0389 11.8394 16.0579 11.8169 16.0817C11.7945 16.1055 11.777 16.1335 11.7655 16.1641C11.7541 16.1947 11.7489 16.2273 11.7502 16.26C11.7525 16.3256 11.7802 16.3878 11.8273 16.4335C11.8745 16.4792 11.9375 16.5048 12.0032 16.505C12.0359 16.5044 12.0681 16.4972 12.0979 16.484C12.1278 16.4708 12.1547 16.4518 12.1772 16.428C12.1996 16.4043 12.2171 16.3763 12.2286 16.3458C12.2401 16.3152 12.2454 16.2826 12.2442 16.25C12.2422 16.1858 12.2159 16.1248 12.1706 16.0793C12.1253 16.0338 12.0644 16.0073 12.0002 16.005H11.9952" stroke="none"></path></svg></div><button class="AvailabilitySection-module_text--zxru7 AvailabilitySection-module_shopText--7jdjN AvailabilitySection-module_textSmall--n1xcJ">Sprawdź dostępność w drogerii</button></div></div></section></div></div></div><div class="swiper-slide ProductSlider-module_slide--q59i6 mb-4" style="margin-right: 16px;"><div class="ProductTile-module_tile--yFwR2 ProductTile-module_small--bAwXa ProductTile-module_round--R0J7y ProductTile-module_bt--7Rs6T ProductTile-module_br--DiNim ProductTile-module_bb--6rqC2 ProductTile-module_bl--VrBPG " data-testid="product-container"><section><div><div class="HeaderSection-module_headerSection--0ATl3"><div class="HeaderSection-module_badgesSection--2J8Ry"><span class="styles-module_badge--ptqlS styles-module_mega--gSaUd "><span>MEGA!</span></span></div><button aria-label="Dodaj do ulubionych" data-testid="product-add-to-favorites-button" class="HeaderSection-module_favoritesBtn--AtrEF snrs-add-to-fav" data-sku="2091290"><svg class="icon HeaderSection-module_icon--izXrZ " width="22" height="20" viewBox="0 0 22 20" fill="none" xmlns="http://www.w3.org/2000/svg"><path d="M11.0002 19L2.47741 9.85496C1.72993 9.09105 1.23535 8.09895 1.06538 7.02248C0.89541 5.94601 1.05887 4.84111 1.53207 3.86794C1.89665 3.13055 2.42251 2.4928 3.0672 2.00617C3.7119 1.51954 4.45737 1.19766 5.24344 1.06652C6.02951 0.935373 6.83416 0.998637 7.59245 1.2512C8.35073 1.50376 9.04141 1.93855 9.60872 2.52047L11.0002 3.84257L12.3917 2.52047C12.9591 1.93874 13.6498 1.50411 14.408 1.25166C15.1663 0.999207 15.9708 0.935998 16.7569 1.06713C17.5429 1.19827 18.2883 1.52007 18.933 2.00658C19.5777 2.4931 20.1036 3.13069 20.4683 3.86794C20.9412 4.84117 21.1046 5.94601 20.9346 7.02241C20.7646 8.09882 20.2702 9.0909 19.523 9.85496L11.0002 19Z" stroke="currentColor" stroke-width="1.5" stroke-linecap="round" stroke-linejoin="round"></path></svg></button></div></div><div class="ProductTile-module_imageSection--4dy3j"><div class="ImageSection-module_imageSection--JW6B4 ImageSection-module_imageSectionSmall--wtsuO  "><a href="/Produkt/Srodki-uniwersalne/Meglio-srodek-do-czyszczenia-powierzchni-odtluszczacz-wybielacz-650-ml,2091290,19224"><img loading="lazy" src="https://pro-fra-s3-productsassets.rossmann.pl/product_1_small/2091290_338_190_1727447817.webp" alt="MEGLIO ,środek do czyszczenia powierzchni, odtłuszczacz + wybielacz,przód" data-testid="product-image"></a><div class="ImageSection-module_cmpInfoWrapper---gDf+"></div></div></div><div><a href="/Produkt/Srodki-uniwersalne/Meglio-srodek-do-czyszczenia-powierzchni-odtluszczacz-wybielacz-650-ml,2091290,19224"><div title="MEGLIO " class="DescriptionSection-module_brand--+Edq7 DescriptionSection-module_brandSmall--J0DP7" data-testid="product-brand"><strong class="DescriptionSection-module_strongSmall--8u2H2">MEGLIO </strong></div><div title="środek do czyszczenia powierzchni, odtłuszczacz + wybielacz" class="DescriptionSection-module_caption--t+QTb DescriptionSection-module_captionSmall--ClR1Q" data-testid="product-caption">środek do czyszczenia powierzchni, odtłuszczacz + wybielacz</div><div class="DescriptionSection-module_unitSmall--AyjB0" data-testid="product-unit">650 ml</div></a></div></section><div class="ProductTile-module_priceBox--SIN7O"><section class="w-100 flex flex-column justify-content-between"><div><div class="PriceSection-module_priceSection--eIBii"><div class="PriceSection-module_priceContainer--SxUEN"><div class="PriceSection-module_priceBox--X1xEI" data-testid="product-current-price-wrapper"><span class="PriceSection-module_price--I18Do PriceSection-module_priceSmall--UhUP0 PriceSection-module_pricePromotion--4NEgk" data-testid="product-price"><span>12</span><span>,99 zł</span></span></div><span class="PriceSection-module_pricePerUnitSmall--GF40k" data-testid="product-price-per-unit">100 ml = 2,00 zł</span></div><div><button aria-label="Dodaj do koszyka" data-testid="product-add-to-basket-button" class="PriceSection-module_cartBtn--LT628 snrs-add-to-cart" data-sku="2091290" data-name="" data-regular-price="17.99" data-promo-price="12.99" data-omnibus-price="14.99" data-unit-price="100 ml = 2,00 zł" data-link="/Produkt/Srodki-uniwersalne/Meglio-srodek-do-czyszczenia-powierzchni-odtluszczacz-wybielacz-650-ml,2091290,19224" data-img-link="https://pro-fra-s3-productsassets.rossmann.pl/product_1_medium/2091290_360_350_1727447817.webp" data-labels="[&quot;MEGA!&quot;]" data-brand="MEGLIO" data-caption="środek do czyszczenia powierzchni, odtłuszczacz + wybielacz" data-unit="650 ml"><svg class="ui-icon " stroke-width="1.8" width="16" height="16" viewBox="0 0 24 24" preserveAspectRatio="" fill="none" stroke="currentColor" stroke-linecap="round" stroke-linejoin="round" overflow="visible"><path d="M3.5 9.47656L6.5 3.47656"></path><path d="M20.5 9.47656L17.5 3.47656"></path><path d="M21.5 12.4766H2.5L4.2 20.9836C4.30662 21.4208 4.56062 21.808 4.91924 22.0799C5.27786 22.3518 5.7192 22.4919 6.169 22.4766H17.831C18.2808 22.4919 18.7221 22.3518 19.0808 22.0799C19.4394 21.808 19.6934 21.4208 19.8 20.9836L21.5 12.4766Z"></path><path d="M21.5 9.47656H2.5C1.94772 9.47656 1.5 9.92428 1.5 10.4766V11.4766C1.5 12.0288 1.94772 12.4766 2.5 12.4766H21.5C22.0523 12.4766 22.5 12.0288 22.5 11.4766V10.4766C22.5 9.92428 22.0523 9.47656 21.5 9.47656Z"></path><path d="M12 15.4766V18.9766"></path><path d="M16.5 15.4766L16 18.9766"></path><path d="M7.5 15.4766L8 18.9766"></path></svg></button></div></div><div class="PriceDetailSection-module_section--GiX3L" data-testid="product-omnibus"><div class="tile-product__lowest-price"><div class="BasicPrice-module_text--3+PZK BasicPrice-module_textSmall--i6ihL"><span>Cena&nbsp;regularna:</span><span data-testid="basic-price" class="BasicPrice-module_price--QC1tg"><span data-testid="product-price" class="styles-module_strike--3Okb2  styles-module_xxxSmall--DH55z styles-module_price--9IDpJ">17<span class="styles-module_price--9IDpJ">,99</span> <span>zł</span></span></span></div></div><div class="tile-product__lowest-price"><div class="LowestPrice-module_text--cofnN LowestPrice-module_textSmall--57oJQ"><span>Najniższa cena: </span><span data-testid="lowest-price-in-30-days" class="LowestPrice-module_price--E4qKq ml-1"><span data-testid="product-price" class="styles-module_strike--3Okb2  styles-module_xxxSmall--DH55z styles-module_price--9IDpJ">14<span class="styles-module_price--9IDpJ">,99</span> <span>zł</span></span></span><button aria-label="Najniższa cena z 30 dni przed obniżką" data-state="closed" class="OmnibusTrigger-module_button--G5UaQ"><svg class="ui-icon " stroke-width="1.2" width="16" height="16" viewBox="0 0 24 24" preserveAspectRatio="" fill="none" stroke="currentColor" stroke-linecap="round" stroke-linejoin="round" overflow="visible"><path d="M12 22C17.5228 22 22 17.5228 22 12C22 6.47714 17.5228 2 12 2C6.47715 2 2 6.47714 2 12C2 17.5228 6.47715 22 12 22Z"></path><path d="M14 17H12.6667C12.4309 17 12.2048 16.8946 12.0381 16.7071C11.8715 16.5196 11.7778 16.2652 11.7778 16V10.5C11.7778 10.3674 11.7309 10.2402 11.6476 10.1465C11.5643 10.0527 11.4512 10 11.3333 10H10"></path><path d="M11.7415 7C11.6034 7 11.4915 6.88807 11.4915 6.75C11.4915 6.61193 11.6034 6.5 11.7415 6.5"></path><path d="M11.7415 7C11.8795 7 11.9915 6.88807 11.9915 6.75C11.9915 6.61193 11.8795 6.5 11.7415 6.5"></path></svg></button></div></div></div></div><div class="AvailabilitySection-module_section--IibdL AvailabilitySection-module_sectionRound--7ZN6d"><div class="AvailabilitySection-module_record--sV0gc"><div class="AvailabilitySection-module_icon--FClji AvailabilitySection-module_iconHigh--A0P1q"><svg class="ui-icon AvailabilitySection-module_iconCheck--68pbU" stroke-width="1.2" width=" 24" height="24" viewBox="0 0 24 24" preserveAspectRatio="" fill="none" stroke="currentColor" stroke-linecap="round" stroke-linejoin="round" overflow="visible"><path d="M12.6667 4.30981L5.97106 13.6431L3.33337 11.0055"></path></svg></div><div class="AvailabilitySection-module_text--zxru7 AvailabilitySection-module_textSmall--n1xcJ">Dostępny online</div></div><div class="AvailabilitySection-module_record--sV0gc"><div class="AvailabilitySection-module_icon--FClji AvailabilitySection-module_iconMedium--KUbf2"><svg class="ui-icon AvailabilitySection-module_iconExclamation--udHHV" stroke-width="1.2" width=" 24" height="24" viewBox="0 0 24 24" preserveAspectRatio="" fill="none" stroke="currentColor" stroke-linecap="round" stroke-linejoin="round" overflow="visible"><path d="M12 13V7" stroke="none"></path><path d="M11.9912 16.005C11.9585 16.0055 11.9262 16.0126 11.8963 16.0257C11.8664 16.0389 11.8394 16.0579 11.8169 16.0817C11.7945 16.1055 11.777 16.1335 11.7655 16.1641C11.7541 16.1947 11.7489 16.2273 11.7502 16.26C11.7525 16.3256 11.7802 16.3878 11.8273 16.4335C11.8745 16.4792 11.9375 16.5048 12.0032 16.505C12.0359 16.5044 12.0681 16.4972 12.0979 16.484C12.1278 16.4708 12.1547 16.4518 12.1772 16.428C12.1996 16.4043 12.2171 16.3763 12.2286 16.3458C12.2401 16.3152 12.2454 16.2826 12.2442 16.25C12.2422 16.1858 12.2159 16.1248 12.1706 16.0793C12.1253 16.0338 12.0644 16.0073 12.0002 16.005H11.9952" stroke="none"></path></svg></div><button class="AvailabilitySection-module_text--zxru7 AvailabilitySection-module_shopText--7jdjN AvailabilitySection-module_textSmall--n1xcJ">Sprawdź dostępność w drogerii</button></div></div></section></div></div></div><div class="swiper-slide ProductSlider-module_slide--q59i6 mb-4" style="margin-right: 16px;"><div class="ProductTile-module_tile--yFwR2 ProductTile-module_small--bAwXa ProductTile-module_round--R0J7y ProductTile-module_bt--7Rs6T ProductTile-module_br--DiNim ProductTile-module_bb--6rqC2 ProductTile-module_bl--VrBPG " data-testid="product-container"><section><div><div class="HeaderSection-module_headerSection--0ATl3"><div class="HeaderSection-module_badgesSection--2J8Ry"><span class="styles-module_badge--ptqlS styles-module_mega--gSaUd "><span>MEGA!</span></span></div><button aria-label="Dodaj do ulubionych" data-testid="product-add-to-favorites-button" class="HeaderSection-module_favoritesBtn--AtrEF snrs-add-to-fav" data-sku="2103383"><svg class="icon HeaderSection-module_icon--izXrZ " width="22" height="20" viewBox="0 0 22 20" fill="none" xmlns="http://www.w3.org/2000/svg"><path d="M11.0002 19L2.47741 9.85496C1.72993 9.09105 1.23535 8.09895 1.06538 7.02248C0.89541 5.94601 1.05887 4.84111 1.53207 3.86794C1.89665 3.13055 2.42251 2.4928 3.0672 2.00617C3.7119 1.51954 4.45737 1.19766 5.24344 1.06652C6.02951 0.935373 6.83416 0.998637 7.59245 1.2512C8.35073 1.50376 9.04141 1.93855 9.60872 2.52047L11.0002 3.84257L12.3917 2.52047C12.9591 1.93874 13.6498 1.50411 14.408 1.25166C15.1663 0.999207 15.9708 0.935998 16.7569 1.06713C17.5429 1.19827 18.2883 1.52007 18.933 2.00658C19.5777 2.4931 20.1036 3.13069 20.4683 3.86794C20.9412 4.84117 21.1046 5.94601 20.9346 7.02241C20.7646 8.09882 20.2702 9.0909 19.523 9.85496L11.0002 19Z" stroke="currentColor" stroke-width="1.5" stroke-linecap="round" stroke-linejoin="round"></path></svg></button></div></div><div class="ProductTile-module_imageSection--4dy3j"><div class="ImageSection-module_imageSection--JW6B4 ImageSection-module_imageSectionSmall--wtsuO  "><a href="/Produkt/Plyny-i-zele-do-prania/Persil-Deep-Clean-Color-Gel-zel-do-prania-tkanin-kolorowych-XXL-2-97-l,2103383,19229"><img loading="lazy" src="https://pro-fra-s3-productsassets.rossmann.pl/product_1_small/2103383_338_190_1734614354.webp" alt="PERSIL Deep Clean Color Gel,żel do prania  tkanin kolorowych, XXL,przód" data-testid="product-image"></a><div class="ImageSection-module_cmpInfoWrapper---gDf+"></div></div></div><div><a href="/Produkt/Plyny-i-zele-do-prania/Persil-Deep-Clean-Color-Gel-zel-do-prania-tkanin-kolorowych-XXL-2-97-l,2103383,19229"><div title="PERSIL Deep Clean Color Gel" class="DescriptionSection-module_brand--+Edq7 DescriptionSection-module_brandSmall--J0DP7" data-testid="product-brand"><strong class="DescriptionSection-module_strongSmall--8u2H2">PERSIL Deep Clean Color Gel</strong></div><div title="żel do prania  tkanin kolorowych, XXL" class="DescriptionSection-module_caption--t+QTb DescriptionSection-module_captionSmall--ClR1Q" data-testid="product-caption">żel do prania  tkanin kolorowych, XXL</div><div class="DescriptionSection-module_unitSmall--AyjB0" data-testid="product-unit">2,97 l</div></a></div></section><div class="ProductTile-module_priceBox--SIN7O"><section class="w-100 flex flex-column justify-content-between"><div><div class="PriceSection-module_priceSection--eIBii"><div class="PriceSection-module_priceContainer--SxUEN"><div class="PriceSection-module_priceBox--X1xEI" data-testid="product-current-price-wrapper"><span class="PriceSection-module_price--I18Do PriceSection-module_priceSmall--UhUP0 PriceSection-module_pricePromotion--4NEgk" data-testid="product-price"><span>49</span><span>,99 zł</span></span></div><span class="PriceSection-module_pricePerUnitSmall--GF40k" data-testid="product-price-per-unit">1 l = 16,83 zł</span></div><div><button aria-label="Dodaj do koszyka" data-testid="product-add-to-basket-button" class="PriceSection-module_cartBtn--LT628 snrs-add-to-cart" data-sku="2103383" data-name="Deep Clean Color Gel" data-regular-price="64.99" data-promo-price="49.99" data-omnibus-price="64.99" data-unit-price="1 l = 16,83 zł" data-link="/Produkt/Plyny-i-zele-do-prania/Persil-Deep-Clean-Color-Gel-zel-do-prania-tkanin-kolorowych-XXL-2-97-l,2103383,19229" data-img-link="https://pro-fra-s3-productsassets.rossmann.pl/product_1_medium/2103383_360_350_1734614354.webp" data-labels="[&quot;MEGA!&quot;]" data-brand="PERSIL" data-caption="żel do prania  tkanin kolorowych, XXL" data-unit="2,97 l"><svg class="ui-icon " stroke-width="1.8" width="16" height="16" viewBox="0 0 24 24" preserveAspectRatio="" fill="none" stroke="currentColor" stroke-linecap="round" stroke-linejoin="round" overflow="visible"><path d="M3.5 9.47656L6.5 3.47656"></path><path d="M20.5 9.47656L17.5 3.47656"></path><path d="M21.5 12.4766H2.5L4.2 20.9836C4.30662 21.4208 4.56062 21.808 4.91924 22.0799C5.27786 22.3518 5.7192 22.4919 6.169 22.4766H17.831C18.2808 22.4919 18.7221 22.3518 19.0808 22.0799C19.4394 21.808 19.6934 21.4208 19.8 20.9836L21.5 12.4766Z"></path><path d="M21.5 9.47656H2.5C1.94772 9.47656 1.5 9.92428 1.5 10.4766V11.4766C1.5 12.0288 1.94772 12.4766 2.5 12.4766H21.5C22.0523 12.4766 22.5 12.0288 22.5 11.4766V10.4766C22.5 9.92428 22.0523 9.47656 21.5 9.47656Z"></path><path d="M12 15.4766V18.9766"></path><path d="M16.5 15.4766L16 18.9766"></path><path d="M7.5 15.4766L8 18.9766"></path></svg></button></div></div><div class="PriceDetailSection-module_section--GiX3L" data-testid="product-omnibus"><div class="tile-product__lowest-price"><div class="LowestPrice-module_text--cofnN LowestPrice-module_textSmall--57oJQ"><span>Najniższa cena: </span><span data-testid="lowest-price-in-30-days" class="LowestPrice-module_price--E4qKq ml-1"><span data-testid="product-price" class="styles-module_strike--3Okb2  styles-module_xxxSmall--DH55z styles-module_price--9IDpJ">64<span class="styles-module_price--9IDpJ">,99</span> <span>zł</span></span></span><button aria-label="Najniższa cena z 30 dni przed obniżką" data-state="closed" class="OmnibusTrigger-module_button--G5UaQ"><svg class="ui-icon " stroke-width="1.2" width="16" height="16" viewBox="0 0 24 24" preserveAspectRatio="" fill="none" stroke="currentColor" stroke-linecap="round" stroke-linejoin="round" overflow="visible"><path d="M12 22C17.5228 22 22 17.5228 22 12C22 6.47714 17.5228 2 12 2C6.47715 2 2 6.47714 2 12C2 17.5228 6.47715 22 12 22Z"></path><path d="M14 17H12.6667C12.4309 17 12.2048 16.8946 12.0381 16.7071C11.8715 16.5196 11.7778 16.2652 11.7778 16V10.5C11.7778 10.3674 11.7309 10.2402 11.6476 10.1465C11.5643 10.0527 11.4512 10 11.3333 10H10"></path><path d="M11.7415 7C11.6034 7 11.4915 6.88807 11.4915 6.75C11.4915 6.61193 11.6034 6.5 11.7415 6.5"></path><path d="M11.7415 7C11.8795 7 11.9915 6.88807 11.9915 6.75C11.9915 6.61193 11.8795 6.5 11.7415 6.5"></path></svg></button></div></div></div></div><div class="AvailabilitySection-module_section--IibdL AvailabilitySection-module_sectionRound--7ZN6d"><div class="AvailabilitySection-module_record--sV0gc"><div class="AvailabilitySection-module_icon--FClji AvailabilitySection-module_iconHigh--A0P1q"><svg class="ui-icon AvailabilitySection-module_iconCheck--68pbU" stroke-width="1.2" width=" 24" height="24" viewBox="0 0 24 24" preserveAspectRatio="" fill="none" stroke="currentColor" stroke-linecap="round" stroke-linejoin="round" overflow="visible"><path d="M12.6667 4.30981L5.97106 13.6431L3.33337 11.0055"></path></svg></div><div class="AvailabilitySection-module_text--zxru7 AvailabilitySection-module_textSmall--n1xcJ">Dostępny online</div></div><div class="AvailabilitySection-module_record--sV0gc"><div class="AvailabilitySection-module_icon--FClji AvailabilitySection-module_iconMedium--KUbf2"><svg class="ui-icon AvailabilitySection-module_iconExclamation--udHHV" stroke-width="1.2" width=" 24" height="24" viewBox="0 0 24 24" preserveAspectRatio="" fill="none" stroke="currentColor" stroke-linecap="round" stroke-linejoin="round" overflow="visible"><path d="M12 13V7" stroke="none"></path><path d="M11.9912 16.005C11.9585 16.0055 11.9262 16.0126 11.8963 16.0257C11.8664 16.0389 11.8394 16.0579 11.8169 16.0817C11.7945 16.1055 11.777 16.1335 11.7655 16.1641C11.7541 16.1947 11.7489 16.2273 11.7502 16.26C11.7525 16.3256 11.7802 16.3878 11.8273 16.4335C11.8745 16.4792 11.9375 16.5048 12.0032 16.505C12.0359 16.5044 12.0681 16.4972 12.0979 16.484C12.1278 16.4708 12.1547 16.4518 12.1772 16.428C12.1996 16.4043 12.2171 16.3763 12.2286 16.3458C12.2401 16.3152 12.2454 16.2826 12.2442 16.25C12.2422 16.1858 12.2159 16.1248 12.1706 16.0793C12.1253 16.0338 12.0644 16.0073 12.0002 16.005H11.9952" stroke="none"></path></svg></div><button class="AvailabilitySection-module_text--zxru7 AvailabilitySection-module_shopText--7jdjN AvailabilitySection-module_textSmall--n1xcJ">Sprawdź dostępność w drogerii</button></div></div></section></div></div></div><div class="swiper-slide ProductSlider-module_slide--q59i6 mb-4" style="margin-right: 16px;"><div class="ProductTile-module_tile--yFwR2 ProductTile-module_small--bAwXa ProductTile-module_round--R0J7y ProductTile-module_bt--7Rs6T ProductTile-module_br--DiNim ProductTile-module_bb--6rqC2 ProductTile-module_bl--VrBPG " data-testid="product-container"><section><div><div class="HeaderSection-module_headerSection--0ATl3"><div class="HeaderSection-module_badgesSection--2J8Ry"><span class="styles-module_badge--ptqlS styles-module_mega--gSaUd "><span>MEGA!</span></span></div><button aria-label="Dodaj do ulubionych" data-testid="product-add-to-favorites-button" class="HeaderSection-module_favoritesBtn--AtrEF snrs-add-to-fav" data-sku="2086063"><svg class="icon HeaderSection-module_icon--izXrZ " width="22" height="20" viewBox="0 0 22 20" fill="none" xmlns="http://www.w3.org/2000/svg"><path d="M11.0002 19L2.47741 9.85496C1.72993 9.09105 1.23535 8.09895 1.06538 7.02248C0.89541 5.94601 1.05887 4.84111 1.53207 3.86794C1.89665 3.13055 2.42251 2.4928 3.0672 2.00617C3.7119 1.51954 4.45737 1.19766 5.24344 1.06652C6.02951 0.935373 6.83416 0.998637 7.59245 1.2512C8.35073 1.50376 9.04141 1.93855 9.60872 2.52047L11.0002 3.84257L12.3917 2.52047C12.9591 1.93874 13.6498 1.50411 14.408 1.25166C15.1663 0.999207 15.9708 0.935998 16.7569 1.06713C17.5429 1.19827 18.2883 1.52007 18.933 2.00658C19.5777 2.4931 20.1036 3.13069 20.4683 3.86794C20.9412 4.84117 21.1046 5.94601 20.9346 7.02241C20.7646 8.09882 20.2702 9.0909 19.523 9.85496L11.0002 19Z" stroke="currentColor" stroke-width="1.5" stroke-linecap="round" stroke-linejoin="round"></path></svg></button></div></div><div class="ProductTile-module_imageSection--4dy3j"><div class="ImageSection-module_imageSection--JW6B4 ImageSection-module_imageSectionSmall--wtsuO  "><a href="/Produkt/Kapsulki-do-prania/Sofin-Complete-Care-kapsulki-do-prania-tkanin-kolorowych-42-szt,2086063,19231"><img loading="lazy" src="https://pro-fra-s3-productsassets.rossmann.pl/product_1_small/2086063_338_190_1751281506.webp" alt="SOFIN Complete Care ,kapsułki do prania tkanin kolorowych,przód" data-testid="product-image"></a><div class="ImageSection-module_cmpInfoWrapper---gDf+"></div></div></div><div><a href="/Produkt/Kapsulki-do-prania/Sofin-Complete-Care-kapsulki-do-prania-tkanin-kolorowych-42-szt,2086063,19231"><div title="SOFIN Complete Care " class="DescriptionSection-module_brand--+Edq7 DescriptionSection-module_brandSmall--J0DP7" data-testid="product-brand"><strong class="DescriptionSection-module_strongSmall--8u2H2">SOFIN Complete Care </strong></div><div title="kapsułki do prania tkanin kolorowych" class="DescriptionSection-module_caption--t+QTb DescriptionSection-module_captionSmall--ClR1Q" data-testid="product-caption">kapsułki do prania tkanin kolorowych</div><div class="DescriptionSection-module_unitSmall--AyjB0" data-testid="product-unit">42 szt.</div></a></div></section><div class="ProductTile-module_priceBox--SIN7O"><section class="w-100 flex flex-column justify-content-between"><div><div class="PriceSection-module_priceSection--eIBii"><div class="PriceSection-module_priceContainer--SxUEN"><div class="PriceSection-module_priceBox--X1xEI" data-testid="product-current-price-wrapper"><span class="PriceSection-module_price--I18Do PriceSection-module_priceSmall--UhUP0 PriceSection-module_pricePromotion--4NEgk" data-testid="product-price"><span>27</span><span>,99 zł</span></span></div><span class="PriceSection-module_pricePerUnitSmall--GF40k" data-testid="product-price-per-unit">1 szt. = 0,67 zł</span></div><div><button aria-label="Dodaj do koszyka" data-testid="product-add-to-basket-button" class="PriceSection-module_cartBtn--LT628 snrs-add-to-cart" data-sku="2086063" data-name="Complete Care " data-regular-price="39.99" data-promo-price="27.99" data-omnibus-price="39.99" data-unit-price="1 szt. = 0,67 zł" data-link="/Produkt/Kapsulki-do-prania/Sofin-Complete-Care-kapsulki-do-prania-tkanin-kolorowych-42-szt,2086063,19231" data-img-link="https://pro-fra-s3-productsassets.rossmann.pl/product_1_medium/2086063_360_350_1751281508.webp" data-labels="[&quot;MEGA!&quot;]" data-brand="SOFIN" data-caption="kapsułki do prania tkanin kolorowych" data-unit="42 szt."><svg class="ui-icon " stroke-width="1.8" width="16" height="16" viewBox="0 0 24 24" preserveAspectRatio="" fill="none" stroke="currentColor" stroke-linecap="round" stroke-linejoin="round" overflow="visible"><path d="M3.5 9.47656L6.5 3.47656"></path><path d="M20.5 9.47656L17.5 3.47656"></path><path d="M21.5 12.4766H2.5L4.2 20.9836C4.30662 21.4208 4.56062 21.808 4.91924 22.0799C5.27786 22.3518 5.7192 22.4919 6.169 22.4766H17.831C18.2808 22.4919 18.7221 22.3518 19.0808 22.0799C19.4394 21.808 19.6934 21.4208 19.8 20.9836L21.5 12.4766Z"></path><path d="M21.5 9.47656H2.5C1.94772 9.47656 1.5 9.92428 1.5 10.4766V11.4766C1.5 12.0288 1.94772 12.4766 2.5 12.4766H21.5C22.0523 12.4766 22.5 12.0288 22.5 11.4766V10.4766C22.5 9.92428 22.0523 9.47656 21.5 9.47656Z"></path><path d="M12 15.4766V18.9766"></path><path d="M16.5 15.4766L16 18.9766"></path><path d="M7.5 15.4766L8 18.9766"></path></svg></button></div></div><div class="PriceDetailSection-module_section--GiX3L" data-testid="product-omnibus"><div class="tile-product__lowest-price"><div class="LowestPrice-module_text--cofnN LowestPrice-module_textSmall--57oJQ"><span>Najniższa cena: </span><span data-testid="lowest-price-in-30-days" class="LowestPrice-module_price--E4qKq ml-1"><span data-testid="product-price" class="styles-module_strike--3Okb2  styles-module_xxxSmall--DH55z styles-module_price--9IDpJ">39<span class="styles-module_price--9IDpJ">,99</span> <span>zł</span></span></span><button aria-label="Najniższa cena od wprowadzenia" data-state="closed" class="OmnibusTrigger-module_button--G5UaQ"><svg class="ui-icon " stroke-width="1.2" width="16" height="16" viewBox="0 0 24 24" preserveAspectRatio="" fill="none" stroke="currentColor" stroke-linecap="round" stroke-linejoin="round" overflow="visible"><path d="M12 22C17.5228 22 22 17.5228 22 12C22 6.47714 17.5228 2 12 2C6.47715 2 2 6.47714 2 12C2 17.5228 6.47715 22 12 22Z"></path><path d="M14 17H12.6667C12.4309 17 12.2048 16.8946 12.0381 16.7071C11.8715 16.5196 11.7778 16.2652 11.7778 16V10.5C11.7778 10.3674 11.7309 10.2402 11.6476 10.1465C11.5643 10.0527 11.4512 10 11.3333 10H10"></path><path d="M11.7415 7C11.6034 7 11.4915 6.88807 11.4915 6.75C11.4915 6.61193 11.6034 6.5 11.7415 6.5"></path><path d="M11.7415 7C11.8795 7 11.9915 6.88807 11.9915 6.75C11.9915 6.61193 11.8795 6.5 11.7415 6.5"></path></svg></button></div></div></div></div><div class="AvailabilitySection-module_section--IibdL AvailabilitySection-module_sectionRound--7ZN6d"><div class="AvailabilitySection-module_record--sV0gc"><div class="AvailabilitySection-module_icon--FClji AvailabilitySection-module_iconHigh--A0P1q"><svg class="ui-icon AvailabilitySection-module_iconCheck--68pbU" stroke-width="1.2" width=" 24" height="24" viewBox="0 0 24 24" preserveAspectRatio="" fill="none" stroke="currentColor" stroke-linecap="round" stroke-linejoin="round" overflow="visible"><path d="M12.6667 4.30981L5.97106 13.6431L3.33337 11.0055"></path></svg></div><div class="AvailabilitySection-module_text--zxru7 AvailabilitySection-module_textSmall--n1xcJ">Dostępny online</div></div><div class="AvailabilitySection-module_record--sV0gc"><div class="AvailabilitySection-module_icon--FClji AvailabilitySection-module_iconMedium--KUbf2"><svg class="ui-icon AvailabilitySection-module_iconExclamation--udHHV" stroke-width="1.2" width=" 24" height="24" viewBox="0 0 24 24" preserveAspectRatio="" fill="none" stroke="currentColor" stroke-linecap="round" stroke-linejoin="round" overflow="visible"><path d="M12 13V7" stroke="none"></path><path d="M11.9912 16.005C11.9585 16.0055 11.9262 16.0126 11.8963 16.0257C11.8664 16.0389 11.8394 16.0579 11.8169 16.0817C11.7945 16.1055 11.777 16.1335 11.7655 16.1641C11.7541 16.1947 11.7489 16.2273 11.7502 16.26C11.7525 16.3256 11.7802 16.3878 11.8273 16.4335C11.8745 16.4792 11.9375 16.5048 12.0032 16.505C12.0359 16.5044 12.0681 16.4972 12.0979 16.484C12.1278 16.4708 12.1547 16.4518 12.1772 16.428C12.1996 16.4043 12.2171 16.3763 12.2286 16.3458C12.2401 16.3152 12.2454 16.2826 12.2442 16.25C12.2422 16.1858 12.2159 16.1248 12.1706 16.0793C12.1253 16.0338 12.0644 16.0073 12.0002 16.005H11.9952" stroke="none"></path></svg></div><button class="AvailabilitySection-module_text--zxru7 AvailabilitySection-module_shopText--7jdjN AvailabilitySection-module_textSmall--n1xcJ">Sprawdź dostępność w drogerii</button></div></div></section></div></div></div><div class="swiper-slide ProductSlider-module_slide--q59i6 mb-4" style="margin-right: 16px;"><div class="ProductTile-module_tile--yFwR2 ProductTile-module_small--bAwXa ProductTile-module_round--R0J7y ProductTile-module_bt--7Rs6T ProductTile-module_br--DiNim ProductTile-module_bb--6rqC2 ProductTile-module_bl--VrBPG " data-testid="product-container"><section><div><div class="HeaderSection-module_headerSection--0ATl3"><div class="HeaderSection-module_badgesSection--2J8Ry"><span class="styles-module_badge--ptqlS styles-module_mega--gSaUd "><span>MEGA!</span></span></div><button aria-label="Dodaj do ulubionych" data-testid="product-add-to-favorites-button" class="HeaderSection-module_favoritesBtn--AtrEF snrs-add-to-fav" data-sku="2103382"><svg class="icon HeaderSection-module_icon--izXrZ " width="22" height="20" viewBox="0 0 22 20" fill="none" xmlns="http://www.w3.org/2000/svg"><path d="M11.0002 19L2.47741 9.85496C1.72993 9.09105 1.23535 8.09895 1.06538 7.02248C0.89541 5.94601 1.05887 4.84111 1.53207 3.86794C1.89665 3.13055 2.42251 2.4928 3.0672 2.00617C3.7119 1.51954 4.45737 1.19766 5.24344 1.06652C6.02951 0.935373 6.83416 0.998637 7.59245 1.2512C8.35073 1.50376 9.04141 1.93855 9.60872 2.52047L11.0002 3.84257L12.3917 2.52047C12.9591 1.93874 13.6498 1.50411 14.408 1.25166C15.1663 0.999207 15.9708 0.935998 16.7569 1.06713C17.5429 1.19827 18.2883 1.52007 18.933 2.00658C19.5777 2.4931 20.1036 3.13069 20.4683 3.86794C20.9412 4.84117 21.1046 5.94601 20.9346 7.02241C20.7646 8.09882 20.2702 9.0909 19.523 9.85496L11.0002 19Z" stroke="currentColor" stroke-width="1.5" stroke-linecap="round" stroke-linejoin="round"></path></svg></button></div></div><div class="ProductTile-module_imageSection--4dy3j"><div class="ImageSection-module_imageSection--JW6B4 ImageSection-module_imageSectionSmall--wtsuO  "><a href="/Produkt/Plyny-i-zele-do-prania/Persil-Deep-Clean-Active-Gel-zel-do-prania-tkanin-bialych-XXL-2-97-l,2103382,19229"><img loading="lazy" src="https://pro-fra-s3-productsassets.rossmann.pl/product_1_small/2103382_338_190_1734604156.webp" alt="PERSIL Deep Clean Active Gel,żel do prania, tkanin białych, XXL,przód" data-testid="product-image"></a><div class="ImageSection-module_cmpInfoWrapper---gDf+"></div></div></div><div><a href="/Produkt/Plyny-i-zele-do-prania/Persil-Deep-Clean-Active-Gel-zel-do-prania-tkanin-bialych-XXL-2-97-l,2103382,19229"><div title="PERSIL Deep Clean Active Gel" class="DescriptionSection-module_brand--+Edq7 DescriptionSection-module_brandSmall--J0DP7" data-testid="product-brand"><strong class="DescriptionSection-module_strongSmall--8u2H2">PERSIL Deep Clean Active Gel</strong></div><div title="żel do prania, tkanin białych, XXL" class="DescriptionSection-module_caption--t+QTb DescriptionSection-module_captionSmall--ClR1Q" data-testid="product-caption">żel do prania, tkanin białych, XXL</div><div class="DescriptionSection-module_unitSmall--AyjB0" data-testid="product-unit">2,97 l</div></a></div></section><div class="ProductTile-module_priceBox--SIN7O"><section class="w-100 flex flex-column justify-content-between"><div><div class="PriceSection-module_priceSection--eIBii"><div class="PriceSection-module_priceContainer--SxUEN"><div class="PriceSection-module_priceBox--X1xEI" data-testid="product-current-price-wrapper"><span class="PriceSection-module_price--I18Do PriceSection-module_priceSmall--UhUP0 PriceSection-module_pricePromotion--4NEgk" data-testid="product-price"><span>49</span><span>,99 zł</span></span></div><span class="PriceSection-module_pricePerUnitSmall--GF40k" data-testid="product-price-per-unit">1 l = 16,83 zł</span></div><div><button aria-label="Dodaj do koszyka" data-testid="product-add-to-basket-button" class="PriceSection-module_cartBtn--LT628 snrs-add-to-cart" data-sku="2103382" data-name="Deep Clean Active Gel" data-regular-price="64.99" data-promo-price="49.99" data-omnibus-price="64.99" data-unit-price="1 l = 16,83 zł" data-link="/Produkt/Plyny-i-zele-do-prania/Persil-Deep-Clean-Active-Gel-zel-do-prania-tkanin-bialych-XXL-2-97-l,2103382,19229" data-img-link="https://pro-fra-s3-productsassets.rossmann.pl/product_1_medium/2103382_360_350_1734604157.webp" data-labels="[&quot;MEGA!&quot;]" data-brand="PERSIL" data-caption="żel do prania, tkanin białych, XXL" data-unit="2,97 l"><svg class="ui-icon " stroke-width="1.8" width="16" height="16" viewBox="0 0 24 24" preserveAspectRatio="" fill="none" stroke="currentColor" stroke-linecap="round" stroke-linejoin="round" overflow="visible"><path d="M3.5 9.47656L6.5 3.47656"></path><path d="M20.5 9.47656L17.5 3.47656"></path><path d="M21.5 12.4766H2.5L4.2 20.9836C4.30662 21.4208 4.56062 21.808 4.91924 22.0799C5.27786 22.3518 5.7192 22.4919 6.169 22.4766H17.831C18.2808 22.4919 18.7221 22.3518 19.0808 22.0799C19.4394 21.808 19.6934 21.4208 19.8 20.9836L21.5 12.4766Z"></path><path d="M21.5 9.47656H2.5C1.94772 9.47656 1.5 9.92428 1.5 10.4766V11.4766C1.5 12.0288 1.94772 12.4766 2.5 12.4766H21.5C22.0523 12.4766 22.5 12.0288 22.5 11.4766V10.4766C22.5 9.92428 22.0523 9.47656 21.5 9.47656Z"></path><path d="M12 15.4766V18.9766"></path><path d="M16.5 15.4766L16 18.9766"></path><path d="M7.5 15.4766L8 18.9766"></path></svg></button></div></div><div class="PriceDetailSection-module_section--GiX3L" data-testid="product-omnibus"><div class="tile-product__lowest-price"><div class="LowestPrice-module_text--cofnN LowestPrice-module_textSmall--57oJQ"><span>Najniższa cena: </span><span data-testid="lowest-price-in-30-days" class="LowestPrice-module_price--E4qKq ml-1"><span data-testid="product-price" class="styles-module_strike--3Okb2  styles-module_xxxSmall--DH55z styles-module_price--9IDpJ">64<span class="styles-module_price--9IDpJ">,99</span> <span>zł</span></span></span><button aria-label="Najniższa cena z 30 dni przed obniżką" data-state="closed" class="OmnibusTrigger-module_button--G5UaQ"><svg class="ui-icon " stroke-width="1.2" width="16" height="16" viewBox="0 0 24 24" preserveAspectRatio="" fill="none" stroke="currentColor" stroke-linecap="round" stroke-linejoin="round" overflow="visible"><path d="M12 22C17.5228 22 22 17.5228 22 12C22 6.47714 17.5228 2 12 2C6.47715 2 2 6.47714 2 12C2 17.5228 6.47715 22 12 22Z"></path><path d="M14 17H12.6667C12.4309 17 12.2048 16.8946 12.0381 16.7071C11.8715 16.5196 11.7778 16.2652 11.7778 16V10.5C11.7778 10.3674 11.7309 10.2402 11.6476 10.1465C11.5643 10.0527 11.4512 10 11.3333 10H10"></path><path d="M11.7415 7C11.6034 7 11.4915 6.88807 11.4915 6.75C11.4915 6.61193 11.6034 6.5 11.7415 6.5"></path><path d="M11.7415 7C11.8795 7 11.9915 6.88807 11.9915 6.75C11.9915 6.61193 11.8795 6.5 11.7415 6.5"></path></svg></button></div></div></div></div><div class="AvailabilitySection-module_section--IibdL AvailabilitySection-module_sectionRound--7ZN6d"><div class="AvailabilitySection-module_record--sV0gc"><div class="AvailabilitySection-module_icon--FClji AvailabilitySection-module_iconHigh--A0P1q"><svg class="ui-icon AvailabilitySection-module_iconCheck--68pbU" stroke-width="1.2" width=" 24" height="24" viewBox="0 0 24 24" preserveAspectRatio="" fill="none" stroke="currentColor" stroke-linecap="round" stroke-linejoin="round" overflow="visible"><path d="M12.6667 4.30981L5.97106 13.6431L3.33337 11.0055"></path></svg></div><div class="AvailabilitySection-module_text--zxru7 AvailabilitySection-module_textSmall--n1xcJ">Dostępny online</div></div><div class="AvailabilitySection-module_record--sV0gc"><div class="AvailabilitySection-module_icon--FClji AvailabilitySection-module_iconMedium--KUbf2"><svg class="ui-icon AvailabilitySection-module_iconExclamation--udHHV" stroke-width="1.2" width=" 24" height="24" viewBox="0 0 24 24" preserveAspectRatio="" fill="none" stroke="currentColor" stroke-linecap="round" stroke-linejoin="round" overflow="visible"><path d="M12 13V7" stroke="none"></path><path d="M11.9912 16.005C11.9585 16.0055 11.9262 16.0126 11.8963 16.0257C11.8664 16.0389 11.8394 16.0579 11.8169 16.0817C11.7945 16.1055 11.777 16.1335 11.7655 16.1641C11.7541 16.1947 11.7489 16.2273 11.7502 16.26C11.7525 16.3256 11.7802 16.3878 11.8273 16.4335C11.8745 16.4792 11.9375 16.5048 12.0032 16.505C12.0359 16.5044 12.0681 16.4972 12.0979 16.484C12.1278 16.4708 12.1547 16.4518 12.1772 16.428C12.1996 16.4043 12.2171 16.3763 12.2286 16.3458C12.2401 16.3152 12.2454 16.2826 12.2442 16.25C12.2422 16.1858 12.2159 16.1248 12.1706 16.0793C12.1253 16.0338 12.0644 16.0073 12.0002 16.005H11.9952" stroke="none"></path></svg></div><button class="AvailabilitySection-module_text--zxru7 AvailabilitySection-module_shopText--7jdjN AvailabilitySection-module_textSmall--n1xcJ">Sprawdź dostępność w drogerii</button></div></div></section></div></div></div><div class="swiper-slide ProductSlider-module_slide--q59i6 mb-4" style="margin-right: 16px;"><div class="ProductTile-module_tile--yFwR2 ProductTile-module_small--bAwXa ProductTile-module_round--R0J7y ProductTile-module_bt--7Rs6T ProductTile-module_br--DiNim ProductTile-module_bb--6rqC2 ProductTile-module_bl--VrBPG " data-testid="product-container"><section><div><div class="HeaderSection-module_headerSection--0ATl3"><div class="HeaderSection-module_badgesSection--2J8Ry"><span class="styles-module_badge--ptqlS styles-module_mega--gSaUd "><span>MEGA!</span></span></div><button aria-label="Dodaj do ulubionych" data-testid="product-add-to-favorites-button" class="HeaderSection-module_favoritesBtn--AtrEF snrs-add-to-fav" data-sku="2116286"><svg class="icon HeaderSection-module_icon--izXrZ " width="22" height="20" viewBox="0 0 22 20" fill="none" xmlns="http://www.w3.org/2000/svg"><path d="M11.0002 19L2.47741 9.85496C1.72993 9.09105 1.23535 8.09895 1.06538 7.02248C0.89541 5.94601 1.05887 4.84111 1.53207 3.86794C1.89665 3.13055 2.42251 2.4928 3.0672 2.00617C3.7119 1.51954 4.45737 1.19766 5.24344 1.06652C6.02951 0.935373 6.83416 0.998637 7.59245 1.2512C8.35073 1.50376 9.04141 1.93855 9.60872 2.52047L11.0002 3.84257L12.3917 2.52047C12.9591 1.93874 13.6498 1.50411 14.408 1.25166C15.1663 0.999207 15.9708 0.935998 16.7569 1.06713C17.5429 1.19827 18.2883 1.52007 18.933 2.00658C19.5777 2.4931 20.1036 3.13069 20.4683 3.86794C20.9412 4.84117 21.1046 5.94601 20.9346 7.02241C20.7646 8.09882 20.2702 9.0909 19.523 9.85496L11.0002 19Z" stroke="currentColor" stroke-width="1.5" stroke-linecap="round" stroke-linejoin="round"></path></svg></button></div></div><div class="ProductTile-module_imageSection--4dy3j"><div class="ImageSection-module_imageSection--JW6B4 ImageSection-module_imageSectionSmall--wtsuO  "><a href="/Produkt/Kostki-do-Wc/Domestos-Power-5-kostka-toaletowa-Lawenda-50-g,2116286,19215"><img loading="lazy" src="https://pro-fra-s3-productsassets.rossmann.pl/product_1_small/2116286_338_190_1751455698.webp" alt="DOMESTOS Power 5 ,kostka toaletowa, Lawenda,przód" data-testid="product-image"></a><div class="ImageSection-module_cmpInfoWrapper---gDf+"></div></div></div><div><a href="/Produkt/Kostki-do-Wc/Domestos-Power-5-kostka-toaletowa-Lawenda-50-g,2116286,19215"><div title="DOMESTOS Power 5 " class="DescriptionSection-module_brand--+Edq7 DescriptionSection-module_brandSmall--J0DP7" data-testid="product-brand"><strong class="DescriptionSection-module_strongSmall--8u2H2">DOMESTOS Power 5 </strong></div><div title="kostka toaletowa, Lawenda" class="DescriptionSection-module_caption--t+QTb DescriptionSection-module_captionSmall--ClR1Q" data-testid="product-caption">kostka toaletowa, Lawenda</div><div class="DescriptionSection-module_unitSmall--AyjB0" data-testid="product-unit">50 g</div></a></div></section><div class="ProductTile-module_priceBox--SIN7O"><section class="w-100 flex flex-column justify-content-between"><div><div class="PriceSection-module_priceSection--eIBii"><div class="PriceSection-module_priceContainer--SxUEN"><div class="PriceSection-module_priceBox--X1xEI" data-testid="product-current-price-wrapper"><span class="PriceSection-module_price--I18Do PriceSection-module_priceSmall--UhUP0 PriceSection-module_pricePromotion--4NEgk" data-testid="product-price"><span>11</span><span>,99 zł</span></span></div><span class="PriceSection-module_pricePerUnitSmall--GF40k" data-testid="product-price-per-unit">100 g = 23,98 zł</span></div><div><button aria-label="Dodaj do koszyka" data-testid="product-add-to-basket-button" class="PriceSection-module_cartBtn--LT628 snrs-add-to-cart" data-sku="2116286" data-name="Power 5 " data-regular-price="17.99" data-promo-price="11.99" data-omnibus-price="17.99" data-unit-price="100 g = 23,98 zł" data-link="/Produkt/Kostki-do-Wc/Domestos-Power-5-kostka-toaletowa-Lawenda-50-g,2116286,19215" data-img-link="https://pro-fra-s3-productsassets.rossmann.pl/product_1_medium/2116286_360_350_1751455702.webp" data-labels="[&quot;MEGA!&quot;]" data-brand="DOMESTOS" data-caption="kostka toaletowa, Lawenda" data-unit="50 g"><svg class="ui-icon " stroke-width="1.8" width="16" height="16" viewBox="0 0 24 24" preserveAspectRatio="" fill="none" stroke="currentColor" stroke-linecap="round" stroke-linejoin="round" overflow="visible"><path d="M3.5 9.47656L6.5 3.47656"></path><path d="M20.5 9.47656L17.5 3.47656"></path><path d="M21.5 12.4766H2.5L4.2 20.9836C4.30662 21.4208 4.56062 21.808 4.91924 22.0799C5.27786 22.3518 5.7192 22.4919 6.169 22.4766H17.831C18.2808 22.4919 18.7221 22.3518 19.0808 22.0799C19.4394 21.808 19.6934 21.4208 19.8 20.9836L21.5 12.4766Z"></path><path d="M21.5 9.47656H2.5C1.94772 9.47656 1.5 9.92428 1.5 10.4766V11.4766C1.5 12.0288 1.94772 12.4766 2.5 12.4766H21.5C22.0523 12.4766 22.5 12.0288 22.5 11.4766V10.4766C22.5 9.92428 22.0523 9.47656 21.5 9.47656Z"></path><path d="M12 15.4766V18.9766"></path><path d="M16.5 15.4766L16 18.9766"></path><path d="M7.5 15.4766L8 18.9766"></path></svg></button></div></div><div class="PriceDetailSection-module_section--GiX3L" data-testid="product-omnibus"><div class="tile-product__lowest-price"><div class="LowestPrice-module_text--cofnN LowestPrice-module_textSmall--57oJQ"><span>Najniższa cena: </span><span data-testid="lowest-price-in-30-days" class="LowestPrice-module_price--E4qKq ml-1"><span data-testid="product-price" class="styles-module_strike--3Okb2  styles-module_xxxSmall--DH55z styles-module_price--9IDpJ">17<span class="styles-module_price--9IDpJ">,99</span> <span>zł</span></span></span><button aria-label="Najniższa cena od wprowadzenia" data-state="closed" class="OmnibusTrigger-module_button--G5UaQ"><svg class="ui-icon " stroke-width="1.2" width="16" height="16" viewBox="0 0 24 24" preserveAspectRatio="" fill="none" stroke="currentColor" stroke-linecap="round" stroke-linejoin="round" overflow="visible"><path d="M12 22C17.5228 22 22 17.5228 22 12C22 6.47714 17.5228 2 12 2C6.47715 2 2 6.47714 2 12C2 17.5228 6.47715 22 12 22Z"></path><path d="M14 17H12.6667C12.4309 17 12.2048 16.8946 12.0381 16.7071C11.8715 16.5196 11.7778 16.2652 11.7778 16V10.5C11.7778 10.3674 11.7309 10.2402 11.6476 10.1465C11.5643 10.0527 11.4512 10 11.3333 10H10"></path><path d="M11.7415 7C11.6034 7 11.4915 6.88807 11.4915 6.75C11.4915 6.61193 11.6034 6.5 11.7415 6.5"></path><path d="M11.7415 7C11.8795 7 11.9915 6.88807 11.9915 6.75C11.9915 6.61193 11.8795 6.5 11.7415 6.5"></path></svg></button></div></div></div></div><div class="AvailabilitySection-module_section--IibdL AvailabilitySection-module_sectionRound--7ZN6d"><div class="AvailabilitySection-module_record--sV0gc"><div class="AvailabilitySection-module_icon--FClji AvailabilitySection-module_iconHigh--A0P1q"><svg class="ui-icon AvailabilitySection-module_iconCheck--68pbU" stroke-width="1.2" width=" 24" height="24" viewBox="0 0 24 24" preserveAspectRatio="" fill="none" stroke="currentColor" stroke-linecap="round" stroke-linejoin="round" overflow="visible"><path d="M12.6667 4.30981L5.97106 13.6431L3.33337 11.0055"></path></svg></div><div class="AvailabilitySection-module_text--zxru7 AvailabilitySection-module_textSmall--n1xcJ">Dostępny online</div></div><div class="AvailabilitySection-module_record--sV0gc"><div class="AvailabilitySection-module_icon--FClji AvailabilitySection-module_iconMedium--KUbf2"><svg class="ui-icon AvailabilitySection-module_iconExclamation--udHHV" stroke-width="1.2" width=" 24" height="24" viewBox="0 0 24 24" preserveAspectRatio="" fill="none" stroke="currentColor" stroke-linecap="round" stroke-linejoin="round" overflow="visible"><path d="M12 13V7" stroke="none"></path><path d="M11.9912 16.005C11.9585 16.0055 11.9262 16.0126 11.8963 16.0257C11.8664 16.0389 11.8394 16.0579 11.8169 16.0817C11.7945 16.1055 11.777 16.1335 11.7655 16.1641C11.7541 16.1947 11.7489 16.2273 11.7502 16.26C11.7525 16.3256 11.7802 16.3878 11.8273 16.4335C11.8745 16.4792 11.9375 16.5048 12.0032 16.505C12.0359 16.5044 12.0681 16.4972 12.0979 16.484C12.1278 16.4708 12.1547 16.4518 12.1772 16.428C12.1996 16.4043 12.2171 16.3763 12.2286 16.3458C12.2401 16.3152 12.2454 16.2826 12.2442 16.25C12.2422 16.1858 12.2159 16.1248 12.1706 16.0793C12.1253 16.0338 12.0644 16.0073 12.0002 16.005H11.9952" stroke="none"></path></svg></div><button class="AvailabilitySection-module_text--zxru7 AvailabilitySection-module_shopText--7jdjN AvailabilitySection-module_textSmall--n1xcJ">Sprawdź dostępność w drogerii</button></div></div></section></div></div></div><div class="swiper-slide ProductSlider-module_slide--q59i6 mb-4" style="margin-right: 16px;"><div class="ProductTile-module_tile--yFwR2 ProductTile-module_small--bAwXa ProductTile-module_round--R0J7y ProductTile-module_bt--7Rs6T ProductTile-module_br--DiNim ProductTile-module_bb--6rqC2 ProductTile-module_bl--VrBPG " data-testid="product-container"><section><div><div class="HeaderSection-module_headerSection--0ATl3"><div class="HeaderSection-module_badgesSection--2J8Ry"><span class="styles-module_badge--ptqlS styles-module_mega--gSaUd "><span>MEGA!</span></span></div><button aria-label="Dodaj do ulubionych" data-testid="product-add-to-favorites-button" class="HeaderSection-module_favoritesBtn--AtrEF snrs-add-to-fav" data-sku="2116287"><svg class="icon HeaderSection-module_icon--izXrZ " width="22" height="20" viewBox="0 0 22 20" fill="none" xmlns="http://www.w3.org/2000/svg"><path d="M11.0002 19L2.47741 9.85496C1.72993 9.09105 1.23535 8.09895 1.06538 7.02248C0.89541 5.94601 1.05887 4.84111 1.53207 3.86794C1.89665 3.13055 2.42251 2.4928 3.0672 2.00617C3.7119 1.51954 4.45737 1.19766 5.24344 1.06652C6.02951 0.935373 6.83416 0.998637 7.59245 1.2512C8.35073 1.50376 9.04141 1.93855 9.60872 2.52047L11.0002 3.84257L12.3917 2.52047C12.9591 1.93874 13.6498 1.50411 14.408 1.25166C15.1663 0.999207 15.9708 0.935998 16.7569 1.06713C17.5429 1.19827 18.2883 1.52007 18.933 2.00658C19.5777 2.4931 20.1036 3.13069 20.4683 3.86794C20.9412 4.84117 21.1046 5.94601 20.9346 7.02241C20.7646 8.09882 20.2702 9.0909 19.523 9.85496L11.0002 19Z" stroke="currentColor" stroke-width="1.5" stroke-linecap="round" stroke-linejoin="round"></path></svg></button></div></div><div class="ProductTile-module_imageSection--4dy3j"><div class="ImageSection-module_imageSection--JW6B4 ImageSection-module_imageSectionSmall--wtsuO  "><a href="/Produkt/Plyny-i-zele-do-prania/Coccolino-Wonder-Wash-Odor-Protection-zel-do-prania-1-48-l,2116287,19229"><img loading="lazy" src="https://pro-fra-s3-productsassets.rossmann.pl/product_1_small/2116287_338_190_1751455629.webp" alt="COCCOLINO Wonder Wash Odor Protection,żel do prania,przód" data-testid="product-image"></a><div class="ImageSection-module_cmpInfoWrapper---gDf+"></div></div></div><div><a href="/Produkt/Plyny-i-zele-do-prania/Coccolino-Wonder-Wash-Odor-Protection-zel-do-prania-1-48-l,2116287,19229"><div title="COCCOLINO Wonder Wash Odor Protection" class="DescriptionSection-module_brand--+Edq7 DescriptionSection-module_brandSmall--J0DP7" data-testid="product-brand"><strong class="DescriptionSection-module_strongSmall--8u2H2">COCCOLINO Wonder Wash Odor Protection</strong></div><div title="żel do prania" class="DescriptionSection-module_caption--t+QTb DescriptionSection-module_captionSmall--ClR1Q" data-testid="product-caption">żel do prania</div><div class="DescriptionSection-module_unitSmall--AyjB0" data-testid="product-unit">1,48 l</div></a></div></section><div class="ProductTile-module_priceBox--SIN7O"><section class="w-100 flex flex-column justify-content-between"><div><div class="PriceSection-module_priceSection--eIBii"><div class="PriceSection-module_priceContainer--SxUEN"><div class="PriceSection-module_priceBox--X1xEI" data-testid="product-current-price-wrapper"><span class="PriceSection-module_price--I18Do PriceSection-module_priceSmall--UhUP0 PriceSection-module_pricePromotion--4NEgk" data-testid="product-price"><span>34</span><span>,99 zł</span></span></div><span class="PriceSection-module_pricePerUnitSmall--GF40k" data-testid="product-price-per-unit">1 l = 23,64 zł</span></div><div><button aria-label="Dodaj do koszyka" data-testid="product-add-to-basket-button" class="PriceSection-module_cartBtn--LT628 snrs-add-to-cart" data-sku="2116287" data-name="Wonder Wash Odor Protection" data-regular-price="49.99" data-promo-price="34.99" data-omnibus-price="49.99" data-unit-price="1 l = 23,64 zł" data-link="/Produkt/Plyny-i-zele-do-prania/Coccolino-Wonder-Wash-Odor-Protection-zel-do-prania-1-48-l,2116287,19229" data-img-link="https://pro-fra-s3-productsassets.rossmann.pl/product_1_medium/2116287_360_350_1751455631.webp" data-labels="[&quot;MEGA!&quot;]" data-brand="COCCOLINO" data-caption="żel do prania" data-unit="1,48 l"><svg class="ui-icon " stroke-width="1.8" width="16" height="16" viewBox="0 0 24 24" preserveAspectRatio="" fill="none" stroke="currentColor" stroke-linecap="round" stroke-linejoin="round" overflow="visible"><path d="M3.5 9.47656L6.5 3.47656"></path><path d="M20.5 9.47656L17.5 3.47656"></path><path d="M21.5 12.4766H2.5L4.2 20.9836C4.30662 21.4208 4.56062 21.808 4.91924 22.0799C5.27786 22.3518 5.7192 22.4919 6.169 22.4766H17.831C18.2808 22.4919 18.7221 22.3518 19.0808 22.0799C19.4394 21.808 19.6934 21.4208 19.8 20.9836L21.5 12.4766Z"></path><path d="M21.5 9.47656H2.5C1.94772 9.47656 1.5 9.92428 1.5 10.4766V11.4766C1.5 12.0288 1.94772 12.4766 2.5 12.4766H21.5C22.0523 12.4766 22.5 12.0288 22.5 11.4766V10.4766C22.5 9.92428 22.0523 9.47656 21.5 9.47656Z"></path><path d="M12 15.4766V18.9766"></path><path d="M16.5 15.4766L16 18.9766"></path><path d="M7.5 15.4766L8 18.9766"></path></svg></button></div></div><div class="PriceDetailSection-module_section--GiX3L" data-testid="product-omnibus"><div class="tile-product__lowest-price"><div class="LowestPrice-module_text--cofnN LowestPrice-module_textSmall--57oJQ"><span>Najniższa cena: </span><span data-testid="lowest-price-in-30-days" class="LowestPrice-module_price--E4qKq ml-1"><span data-testid="product-price" class="styles-module_strike--3Okb2  styles-module_xxxSmall--DH55z styles-module_price--9IDpJ">49<span class="styles-module_price--9IDpJ">,99</span> <span>zł</span></span></span><button aria-label="Najniższa cena od wprowadzenia" data-state="closed" class="OmnibusTrigger-module_button--G5UaQ"><svg class="ui-icon " stroke-width="1.2" width="16" height="16" viewBox="0 0 24 24" preserveAspectRatio="" fill="none" stroke="currentColor" stroke-linecap="round" stroke-linejoin="round" overflow="visible"><path d="M12 22C17.5228 22 22 17.5228 22 12C22 6.47714 17.5228 2 12 2C6.47715 2 2 6.47714 2 12C2 17.5228 6.47715 22 12 22Z"></path><path d="M14 17H12.6667C12.4309 17 12.2048 16.8946 12.0381 16.7071C11.8715 16.5196 11.7778 16.2652 11.7778 16V10.5C11.7778 10.3674 11.7309 10.2402 11.6476 10.1465C11.5643 10.0527 11.4512 10 11.3333 10H10"></path><path d="M11.7415 7C11.6034 7 11.4915 6.88807 11.4915 6.75C11.4915 6.61193 11.6034 6.5 11.7415 6.5"></path><path d="M11.7415 7C11.8795 7 11.9915 6.88807 11.9915 6.75C11.9915 6.61193 11.8795 6.5 11.7415 6.5"></path></svg></button></div></div></div></div><div class="AvailabilitySection-module_section--IibdL AvailabilitySection-module_sectionRound--7ZN6d"><div class="AvailabilitySection-module_record--sV0gc"><div class="AvailabilitySection-module_icon--FClji AvailabilitySection-module_iconHigh--A0P1q"><svg class="ui-icon AvailabilitySection-module_iconCheck--68pbU" stroke-width="1.2" width=" 24" height="24" viewBox="0 0 24 24" preserveAspectRatio="" fill="none" stroke="currentColor" stroke-linecap="round" stroke-linejoin="round" overflow="visible"><path d="M12.6667 4.30981L5.97106 13.6431L3.33337 11.0055"></path></svg></div><div class="AvailabilitySection-module_text--zxru7 AvailabilitySection-module_textSmall--n1xcJ">Dostępny online</div></div><div class="AvailabilitySection-module_record--sV0gc"><div class="AvailabilitySection-module_icon--FClji AvailabilitySection-module_iconMedium--KUbf2"><svg class="ui-icon AvailabilitySection-module_iconExclamation--udHHV" stroke-width="1.2" width=" 24" height="24" viewBox="0 0 24 24" preserveAspectRatio="" fill="none" stroke="currentColor" stroke-linecap="round" stroke-linejoin="round" overflow="visible"><path d="M12 13V7" stroke="none"></path><path d="M11.9912 16.005C11.9585 16.0055 11.9262 16.0126 11.8963 16.0257C11.8664 16.0389 11.8394 16.0579 11.8169 16.0817C11.7945 16.1055 11.777 16.1335 11.7655 16.1641C11.7541 16.1947 11.7489 16.2273 11.7502 16.26C11.7525 16.3256 11.7802 16.3878 11.8273 16.4335C11.8745 16.4792 11.9375 16.5048 12.0032 16.505C12.0359 16.5044 12.0681 16.4972 12.0979 16.484C12.1278 16.4708 12.1547 16.4518 12.1772 16.428C12.1996 16.4043 12.2171 16.3763 12.2286 16.3458C12.2401 16.3152 12.2454 16.2826 12.2442 16.25C12.2422 16.1858 12.2159 16.1248 12.1706 16.0793C12.1253 16.0338 12.0644 16.0073 12.0002 16.005H11.9952" stroke="none"></path></svg></div><button class="AvailabilitySection-module_text--zxru7 AvailabilitySection-module_shopText--7jdjN AvailabilitySection-module_textSmall--n1xcJ">Sprawdź dostępność w drogerii</button></div></div></section></div></div></div><div class="swiper-slide ProductSlider-module_slide--q59i6 mb-4" style="margin-right: 16px;"><div class="ProductTile-module_tile--yFwR2 ProductTile-module_small--bAwXa ProductTile-module_round--R0J7y ProductTile-module_bt--7Rs6T ProductTile-module_br--DiNim ProductTile-module_bb--6rqC2 ProductTile-module_bl--VrBPG " data-testid="product-container"><section><div><div class="HeaderSection-module_headerSection--0ATl3"><div class="HeaderSection-module_badgesSection--2J8Ry"><span class="styles-module_badge--ptqlS styles-module_mega--gSaUd "><span>MEGA!</span></span></div><button aria-label="Dodaj do ulubionych" data-testid="product-add-to-favorites-button" class="HeaderSection-module_favoritesBtn--AtrEF snrs-add-to-fav" data-sku="2082176"><svg class="icon HeaderSection-module_icon--izXrZ " width="22" height="20" viewBox="0 0 22 20" fill="none" xmlns="http://www.w3.org/2000/svg"><path d="M11.0002 19L2.47741 9.85496C1.72993 9.09105 1.23535 8.09895 1.06538 7.02248C0.89541 5.94601 1.05887 4.84111 1.53207 3.86794C1.89665 3.13055 2.42251 2.4928 3.0672 2.00617C3.7119 1.51954 4.45737 1.19766 5.24344 1.06652C6.02951 0.935373 6.83416 0.998637 7.59245 1.2512C8.35073 1.50376 9.04141 1.93855 9.60872 2.52047L11.0002 3.84257L12.3917 2.52047C12.9591 1.93874 13.6498 1.50411 14.408 1.25166C15.1663 0.999207 15.9708 0.935998 16.7569 1.06713C17.5429 1.19827 18.2883 1.52007 18.933 2.00658C19.5777 2.4931 20.1036 3.13069 20.4683 3.86794C20.9412 4.84117 21.1046 5.94601 20.9346 7.02241C20.7646 8.09882 20.2702 9.0909 19.523 9.85496L11.0002 19Z" stroke="currentColor" stroke-width="1.5" stroke-linecap="round" stroke-linejoin="round"></path></svg></button></div></div><div class="ProductTile-module_imageSection--4dy3j"><div class="ImageSection-module_imageSection--JW6B4 ImageSection-module_imageSectionSmall--wtsuO  "><a href="/Produkt/Plyny-i-zele-do-wc/Dr-Beckmann-Original-Magic-Leaves-listki-czyszczace-do-wc-Ocean-Breeze-20-szt,2082176,19216"><img loading="lazy" src="https://pro-fra-s3-productsassets.rossmann.pl/product_1_small/2082176_338_190_1739181146.webp" alt="DR. BECKMANN Original Magic Leaves,listki czyszczące do wc, Ocean Breeze,przód" data-testid="product-image"></a><div class="ImageSection-module_cmpInfoWrapper---gDf+"></div></div></div><div><a href="/Produkt/Plyny-i-zele-do-wc/Dr-Beckmann-Original-Magic-Leaves-listki-czyszczace-do-wc-Ocean-Breeze-20-szt,2082176,19216"><div title="DR. BECKMANN Original Magic Leaves" class="DescriptionSection-module_brand--+Edq7 DescriptionSection-module_brandSmall--J0DP7" data-testid="product-brand"><strong class="DescriptionSection-module_strongSmall--8u2H2">DR. BECKMANN Original Magic Leaves</strong></div><div title="listki czyszczące do wc, Ocean Breeze" class="DescriptionSection-module_caption--t+QTb DescriptionSection-module_captionSmall--ClR1Q" data-testid="product-caption">listki czyszczące do wc, Ocean Breeze</div><div class="DescriptionSection-module_unitSmall--AyjB0" data-testid="product-unit">20 szt.</div></a></div></section><div class="ProductTile-module_priceBox--SIN7O"><section class="w-100 flex flex-column justify-content-between"><div><div class="PriceSection-module_priceSection--eIBii"><div class="PriceSection-module_priceContainer--SxUEN"><div class="PriceSection-module_priceBox--X1xEI" data-testid="product-current-price-wrapper"><span class="PriceSection-module_price--I18Do PriceSection-module_priceSmall--UhUP0 PriceSection-module_pricePromotion--4NEgk" data-testid="product-price"><span>12</span><span>,99 zł</span></span></div><span class="PriceSection-module_pricePerUnitSmall--GF40k" data-testid="product-price-per-unit">1 szt. = 0,65 zł</span></div><div><button aria-label="Dodaj do koszyka" data-testid="product-add-to-basket-button" class="PriceSection-module_cartBtn--LT628 snrs-add-to-cart" data-sku="2082176" data-name="Original Magic Leaves" data-regular-price="17.99" data-promo-price="12.99" data-omnibus-price="17.99" data-unit-price="1 szt. = 0,65 zł" data-link="/Produkt/Plyny-i-zele-do-wc/Dr-Beckmann-Original-Magic-Leaves-listki-czyszczace-do-wc-Ocean-Breeze-20-szt,2082176,19216" data-img-link="https://pro-fra-s3-productsassets.rossmann.pl/product_1_medium/2082176_360_350_1739181148.webp" data-labels="[&quot;MEGA!&quot;]" data-brand="DR. BECKMANN" data-caption="listki czyszczące do wc, Ocean Breeze" data-unit="20 szt."><svg class="ui-icon " stroke-width="1.8" width="16" height="16" viewBox="0 0 24 24" preserveAspectRatio="" fill="none" stroke="currentColor" stroke-linecap="round" stroke-linejoin="round" overflow="visible"><path d="M3.5 9.47656L6.5 3.47656"></path><path d="M20.5 9.47656L17.5 3.47656"></path><path d="M21.5 12.4766H2.5L4.2 20.9836C4.30662 21.4208 4.56062 21.808 4.91924 22.0799C5.27786 22.3518 5.7192 22.4919 6.169 22.4766H17.831C18.2808 22.4919 18.7221 22.3518 19.0808 22.0799C19.4394 21.808 19.6934 21.4208 19.8 20.9836L21.5 12.4766Z"></path><path d="M21.5 9.47656H2.5C1.94772 9.47656 1.5 9.92428 1.5 10.4766V11.4766C1.5 12.0288 1.94772 12.4766 2.5 12.4766H21.5C22.0523 12.4766 22.5 12.0288 22.5 11.4766V10.4766C22.5 9.92428 22.0523 9.47656 21.5 9.47656Z"></path><path d="M12 15.4766V18.9766"></path><path d="M16.5 15.4766L16 18.9766"></path><path d="M7.5 15.4766L8 18.9766"></path></svg></button></div></div><div class="PriceDetailSection-module_section--GiX3L" data-testid="product-omnibus"><div class="tile-product__lowest-price"><div class="LowestPrice-module_text--cofnN LowestPrice-module_textSmall--57oJQ"><span>Najniższa cena: </span><span data-testid="lowest-price-in-30-days" class="LowestPrice-module_price--E4qKq ml-1"><span data-testid="product-price" class="styles-module_strike--3Okb2  styles-module_xxxSmall--DH55z styles-module_price--9IDpJ">17<span class="styles-module_price--9IDpJ">,99</span> <span>zł</span></span></span><button aria-label="Najniższa cena z 30 dni przed obniżką" data-state="closed" class="OmnibusTrigger-module_button--G5UaQ"><svg class="ui-icon " stroke-width="1.2" width="16" height="16" viewBox="0 0 24 24" preserveAspectRatio="" fill="none" stroke="currentColor" stroke-linecap="round" stroke-linejoin="round" overflow="visible"><path d="M12 22C17.5228 22 22 17.5228 22 12C22 6.47714 17.5228 2 12 2C6.47715 2 2 6.47714 2 12C2 17.5228 6.47715 22 12 22Z"></path><path d="M14 17H12.6667C12.4309 17 12.2048 16.8946 12.0381 16.7071C11.8715 16.5196 11.7778 16.2652 11.7778 16V10.5C11.7778 10.3674 11.7309 10.2402 11.6476 10.1465C11.5643 10.0527 11.4512 10 11.3333 10H10"></path><path d="M11.7415 7C11.6034 7 11.4915 6.88807 11.4915 6.75C11.4915 6.61193 11.6034 6.5 11.7415 6.5"></path><path d="M11.7415 7C11.8795 7 11.9915 6.88807 11.9915 6.75C11.9915 6.61193 11.8795 6.5 11.7415 6.5"></path></svg></button></div></div></div></div><div class="AvailabilitySection-module_section--IibdL AvailabilitySection-module_sectionRound--7ZN6d"><div class="AvailabilitySection-module_record--sV0gc"><div class="AvailabilitySection-module_icon--FClji AvailabilitySection-module_iconHigh--A0P1q"><svg class="ui-icon AvailabilitySection-module_iconCheck--68pbU" stroke-width="1.2" width=" 24" height="24" viewBox="0 0 24 24" preserveAspectRatio="" fill="none" stroke="currentColor" stroke-linecap="round" stroke-linejoin="round" overflow="visible"><path d="M12.6667 4.30981L5.97106 13.6431L3.33337 11.0055"></path></svg></div><div class="AvailabilitySection-module_text--zxru7 AvailabilitySection-module_textSmall--n1xcJ">Dostępny online</div></div><div class="AvailabilitySection-module_record--sV0gc"><div class="AvailabilitySection-module_icon--FClji AvailabilitySection-module_iconMedium--KUbf2"><svg class="ui-icon AvailabilitySection-module_iconExclamation--udHHV" stroke-width="1.2" width=" 24" height="24" viewBox="0 0 24 24" preserveAspectRatio="" fill="none" stroke="currentColor" stroke-linecap="round" stroke-linejoin="round" overflow="visible"><path d="M12 13V7" stroke="none"></path><path d="M11.9912 16.005C11.9585 16.0055 11.9262 16.0126 11.8963 16.0257C11.8664 16.0389 11.8394 16.0579 11.8169 16.0817C11.7945 16.1055 11.777 16.1335 11.7655 16.1641C11.7541 16.1947 11.7489 16.2273 11.7502 16.26C11.7525 16.3256 11.7802 16.3878 11.8273 16.4335C11.8745 16.4792 11.9375 16.5048 12.0032 16.505C12.0359 16.5044 12.0681 16.4972 12.0979 16.484C12.1278 16.4708 12.1547 16.4518 12.1772 16.428C12.1996 16.4043 12.2171 16.3763 12.2286 16.3458C12.2401 16.3152 12.2454 16.2826 12.2442 16.25C12.2422 16.1858 12.2159 16.1248 12.1706 16.0793C12.1253 16.0338 12.0644 16.0073 12.0002 16.005H11.9952" stroke="none"></path></svg></div><button class="AvailabilitySection-module_text--zxru7 AvailabilitySection-module_shopText--7jdjN AvailabilitySection-module_textSmall--n1xcJ">Sprawdź dostępność w drogerii</button></div></div></section></div></div></div><div class="swiper-slide ProductSlider-module_slide--q59i6 mb-4" style="margin-right: 16px;"><div class="ProductTile-module_tile--yFwR2 ProductTile-module_small--bAwXa ProductTile-module_round--R0J7y ProductTile-module_bt--7Rs6T ProductTile-module_br--DiNim ProductTile-module_bb--6rqC2 ProductTile-module_bl--VrBPG " data-testid="product-container"><section><div><div class="HeaderSection-module_headerSection--0ATl3"><div class="HeaderSection-module_badgesSection--2J8Ry"><span class="styles-module_badge--ptqlS styles-module_mega--gSaUd "><span>MEGA!</span></span></div><button aria-label="Dodaj do ulubionych" data-testid="product-add-to-favorites-button" class="HeaderSection-module_favoritesBtn--AtrEF snrs-add-to-fav" data-sku="2095895"><svg class="icon HeaderSection-module_icon--izXrZ " width="22" height="20" viewBox="0 0 22 20" fill="none" xmlns="http://www.w3.org/2000/svg"><path d="M11.0002 19L2.47741 9.85496C1.72993 9.09105 1.23535 8.09895 1.06538 7.02248C0.89541 5.94601 1.05887 4.84111 1.53207 3.86794C1.89665 3.13055 2.42251 2.4928 3.0672 2.00617C3.7119 1.51954 4.45737 1.19766 5.24344 1.06652C6.02951 0.935373 6.83416 0.998637 7.59245 1.2512C8.35073 1.50376 9.04141 1.93855 9.60872 2.52047L11.0002 3.84257L12.3917 2.52047C12.9591 1.93874 13.6498 1.50411 14.408 1.25166C15.1663 0.999207 15.9708 0.935998 16.7569 1.06713C17.5429 1.19827 18.2883 1.52007 18.933 2.00658C19.5777 2.4931 20.1036 3.13069 20.4683 3.86794C20.9412 4.84117 21.1046 5.94601 20.9346 7.02241C20.7646 8.09882 20.2702 9.0909 19.523 9.85496L11.0002 19Z" stroke="currentColor" stroke-width="1.5" stroke-linecap="round" stroke-linejoin="round"></path></svg></button></div></div><div class="ProductTile-module_imageSection--4dy3j"><div class="ImageSection-module_imageSection--JW6B4 ImageSection-module_imageSectionSmall--wtsuO  "><a href="/Produkt/Preparaty-do-czyszczenia-pralek/Bryza-plyn-do-czyszczenia-pralki-Lemon-250-ml,2095895,19233"><img loading="lazy" src="https://pro-fra-s3-productsassets.rossmann.pl/product_1_small/2095895_338_190_1732197370.webp" alt="BRYZA ,płyn do czyszczenia pralki,  Lemon,przód" data-testid="product-image"></a><div class="ImageSection-module_cmpInfoWrapper---gDf+"></div></div></div><div><a href="/Produkt/Preparaty-do-czyszczenia-pralek/Bryza-plyn-do-czyszczenia-pralki-Lemon-250-ml,2095895,19233"><div title="BRYZA " class="DescriptionSection-module_brand--+Edq7 DescriptionSection-module_brandSmall--J0DP7" data-testid="product-brand"><strong class="DescriptionSection-module_strongSmall--8u2H2">BRYZA </strong></div><div title="płyn do czyszczenia pralki,  Lemon" class="DescriptionSection-module_caption--t+QTb DescriptionSection-module_captionSmall--ClR1Q" data-testid="product-caption">płyn do czyszczenia pralki,  Lemon</div><div class="DescriptionSection-module_unitSmall--AyjB0" data-testid="product-unit">250 ml</div></a></div></section><div class="ProductTile-module_priceBox--SIN7O"><section class="w-100 flex flex-column justify-content-between"><div><div class="PriceSection-module_priceSection--eIBii"><div class="PriceSection-module_priceContainer--SxUEN"><div class="PriceSection-module_priceBox--X1xEI" data-testid="product-current-price-wrapper"><span class="PriceSection-module_price--I18Do PriceSection-module_priceSmall--UhUP0 PriceSection-module_pricePromotion--4NEgk" data-testid="product-price"><span>14</span><span>,99 zł</span></span></div><span class="PriceSection-module_pricePerUnitSmall--GF40k" data-testid="product-price-per-unit">100 ml = 6,00 zł</span></div><div><button aria-label="Dodaj do koszyka" data-testid="product-add-to-basket-button" class="PriceSection-module_cartBtn--LT628 snrs-add-to-cart" data-sku="2095895" data-name="" data-regular-price="19.99" data-promo-price="14.99" data-omnibus-price="19.99" data-unit-price="100 ml = 6,00 zł" data-link="/Produkt/Preparaty-do-czyszczenia-pralek/Bryza-plyn-do-czyszczenia-pralki-Lemon-250-ml,2095895,19233" data-img-link="https://pro-fra-s3-productsassets.rossmann.pl/product_1_medium/2095895_360_350_1732197371.webp" data-labels="[&quot;MEGA!&quot;]" data-brand="BRYZA" data-caption="płyn do czyszczenia pralki,  Lemon" data-unit="250 ml"><svg class="ui-icon " stroke-width="1.8" width="16" height="16" viewBox="0 0 24 24" preserveAspectRatio="" fill="none" stroke="currentColor" stroke-linecap="round" stroke-linejoin="round" overflow="visible"><path d="M3.5 9.47656L6.5 3.47656"></path><path d="M20.5 9.47656L17.5 3.47656"></path><path d="M21.5 12.4766H2.5L4.2 20.9836C4.30662 21.4208 4.56062 21.808 4.91924 22.0799C5.27786 22.3518 5.7192 22.4919 6.169 22.4766H17.831C18.2808 22.4919 18.7221 22.3518 19.0808 22.0799C19.4394 21.808 19.6934 21.4208 19.8 20.9836L21.5 12.4766Z"></path><path d="M21.5 9.47656H2.5C1.94772 9.47656 1.5 9.92428 1.5 10.4766V11.4766C1.5 12.0288 1.94772 12.4766 2.5 12.4766H21.5C22.0523 12.4766 22.5 12.0288 22.5 11.4766V10.4766C22.5 9.92428 22.0523 9.47656 21.5 9.47656Z"></path><path d="M12 15.4766V18.9766"></path><path d="M16.5 15.4766L16 18.9766"></path><path d="M7.5 15.4766L8 18.9766"></path></svg></button></div></div><div class="PriceDetailSection-module_section--GiX3L" data-testid="product-omnibus"><div class="tile-product__lowest-price"><div class="LowestPrice-module_text--cofnN LowestPrice-module_textSmall--57oJQ"><span>Najniższa cena: </span><span data-testid="lowest-price-in-30-days" class="LowestPrice-module_price--E4qKq ml-1"><span data-testid="product-price" class="styles-module_strike--3Okb2  styles-module_xxxSmall--DH55z styles-module_price--9IDpJ">19<span class="styles-module_price--9IDpJ">,99</span> <span>zł</span></span></span><button aria-label="Najniższa cena z 30 dni przed obniżką" data-state="closed" class="OmnibusTrigger-module_button--G5UaQ"><svg class="ui-icon " stroke-width="1.2" width="16" height="16" viewBox="0 0 24 24" preserveAspectRatio="" fill="none" stroke="currentColor" stroke-linecap="round" stroke-linejoin="round" overflow="visible"><path d="M12 22C17.5228 22 22 17.5228 22 12C22 6.47714 17.5228 2 12 2C6.47715 2 2 6.47714 2 12C2 17.5228 6.47715 22 12 22Z"></path><path d="M14 17H12.6667C12.4309 17 12.2048 16.8946 12.0381 16.7071C11.8715 16.5196 11.7778 16.2652 11.7778 16V10.5C11.7778 10.3674 11.7309 10.2402 11.6476 10.1465C11.5643 10.0527 11.4512 10 11.3333 10H10"></path><path d="M11.7415 7C11.6034 7 11.4915 6.88807 11.4915 6.75C11.4915 6.61193 11.6034 6.5 11.7415 6.5"></path><path d="M11.7415 7C11.8795 7 11.9915 6.88807 11.9915 6.75C11.9915 6.61193 11.8795 6.5 11.7415 6.5"></path></svg></button></div></div></div></div><div class="AvailabilitySection-module_section--IibdL AvailabilitySection-module_sectionRound--7ZN6d"><div class="AvailabilitySection-module_record--sV0gc"><div class="AvailabilitySection-module_icon--FClji AvailabilitySection-module_iconHigh--A0P1q"><svg class="ui-icon AvailabilitySection-module_iconCheck--68pbU" stroke-width="1.2" width=" 24" height="24" viewBox="0 0 24 24" preserveAspectRatio="" fill="none" stroke="currentColor" stroke-linecap="round" stroke-linejoin="round" overflow="visible"><path d="M12.6667 4.30981L5.97106 13.6431L3.33337 11.0055"></path></svg></div><div class="AvailabilitySection-module_text--zxru7 AvailabilitySection-module_textSmall--n1xcJ">Dostępny online</div></div><div class="AvailabilitySection-module_record--sV0gc"><div class="AvailabilitySection-module_icon--FClji AvailabilitySection-module_iconMedium--KUbf2"><svg class="ui-icon AvailabilitySection-module_iconExclamation--udHHV" stroke-width="1.2" width=" 24" height="24" viewBox="0 0 24 24" preserveAspectRatio="" fill="none" stroke="currentColor" stroke-linecap="round" stroke-linejoin="round" overflow="visible"><path d="M12 13V7" stroke="none"></path><path d="M11.9912 16.005C11.9585 16.0055 11.9262 16.0126 11.8963 16.0257C11.8664 16.0389 11.8394 16.0579 11.8169 16.0817C11.7945 16.1055 11.777 16.1335 11.7655 16.1641C11.7541 16.1947 11.7489 16.2273 11.7502 16.26C11.7525 16.3256 11.7802 16.3878 11.8273 16.4335C11.8745 16.4792 11.9375 16.5048 12.0032 16.505C12.0359 16.5044 12.0681 16.4972 12.0979 16.484C12.1278 16.4708 12.1547 16.4518 12.1772 16.428C12.1996 16.4043 12.2171 16.3763 12.2286 16.3458C12.2401 16.3152 12.2454 16.2826 12.2442 16.25C12.2422 16.1858 12.2159 16.1248 12.1706 16.0793C12.1253 16.0338 12.0644 16.0073 12.0002 16.005H11.9952" stroke="none"></path></svg></div><button class="AvailabilitySection-module_text--zxru7 AvailabilitySection-module_shopText--7jdjN AvailabilitySection-module_textSmall--n1xcJ">Sprawdź dostępność w drogerii</button></div></div></section></div></div></div><div class="swiper-slide ProductSlider-module_slide--q59i6 mb-4" style="margin-right: 16px;"><div class="ProductTile-module_tile--yFwR2 ProductTile-module_small--bAwXa ProductTile-module_round--R0J7y ProductTile-module_bt--7Rs6T ProductTile-module_br--DiNim ProductTile-module_bb--6rqC2 ProductTile-module_bl--VrBPG " data-testid="product-container"><section><div><div class="HeaderSection-module_headerSection--0ATl3"><div class="HeaderSection-module_badgesSection--2J8Ry"><span class="styles-module_badge--ptqlS styles-module_mega--gSaUd "><span>MEGA!</span></span></div><button aria-label="Dodaj do ulubionych" data-testid="product-add-to-favorites-button" class="HeaderSection-module_favoritesBtn--AtrEF snrs-add-to-fav" data-sku="2079151"><svg class="icon HeaderSection-module_icon--izXrZ " width="22" height="20" viewBox="0 0 22 20" fill="none" xmlns="http://www.w3.org/2000/svg"><path d="M11.0002 19L2.47741 9.85496C1.72993 9.09105 1.23535 8.09895 1.06538 7.02248C0.89541 5.94601 1.05887 4.84111 1.53207 3.86794C1.89665 3.13055 2.42251 2.4928 3.0672 2.00617C3.7119 1.51954 4.45737 1.19766 5.24344 1.06652C6.02951 0.935373 6.83416 0.998637 7.59245 1.2512C8.35073 1.50376 9.04141 1.93855 9.60872 2.52047L11.0002 3.84257L12.3917 2.52047C12.9591 1.93874 13.6498 1.50411 14.408 1.25166C15.1663 0.999207 15.9708 0.935998 16.7569 1.06713C17.5429 1.19827 18.2883 1.52007 18.933 2.00658C19.5777 2.4931 20.1036 3.13069 20.4683 3.86794C20.9412 4.84117 21.1046 5.94601 20.9346 7.02241C20.7646 8.09882 20.2702 9.0909 19.523 9.85496L11.0002 19Z" stroke="currentColor" stroke-width="1.5" stroke-linecap="round" stroke-linejoin="round"></path></svg></button></div></div><div class="ProductTile-module_imageSection--4dy3j"><div class="ImageSection-module_imageSection--JW6B4 ImageSection-module_imageSectionSmall--wtsuO  "><a href="/Produkt/Preparaty-do-czyszczenia-pralek/Calgon-Hygiene-proszek-do-czyszczenia-pralki-1-07-kg,2079151,19233"><img loading="lazy" src="https://pro-fra-s3-productsassets.rossmann.pl/product_1_small/2079151_338_190_1727471169.webp" alt="CALGON Hygiene+ ,proszek do czyszczenia pralki,przód" data-testid="product-image"></a><div class="ImageSection-module_cmpInfoWrapper---gDf+"></div></div></div><div><a href="/Produkt/Preparaty-do-czyszczenia-pralek/Calgon-Hygiene-proszek-do-czyszczenia-pralki-1-07-kg,2079151,19233"><div title="CALGON Hygiene+ " class="DescriptionSection-module_brand--+Edq7 DescriptionSection-module_brandSmall--J0DP7" data-testid="product-brand"><strong class="DescriptionSection-module_strongSmall--8u2H2">CALGON Hygiene+ </strong></div><div title="proszek do czyszczenia pralki" class="DescriptionSection-module_caption--t+QTb DescriptionSection-module_captionSmall--ClR1Q" data-testid="product-caption">proszek do czyszczenia pralki</div><div class="DescriptionSection-module_unitSmall--AyjB0" data-testid="product-unit">1,07 kg</div></a></div></section><div class="ProductTile-module_priceBox--SIN7O"><section class="w-100 flex flex-column justify-content-between"><div><div class="PriceSection-module_priceSection--eIBii"><div class="PriceSection-module_priceContainer--SxUEN"><div class="PriceSection-module_priceBox--X1xEI" data-testid="product-current-price-wrapper"><span class="PriceSection-module_price--I18Do PriceSection-module_priceSmall--UhUP0 PriceSection-module_pricePromotion--4NEgk" data-testid="product-price"><span>15</span><span>,99 zł</span></span></div><span class="PriceSection-module_pricePerUnitSmall--GF40k" data-testid="product-price-per-unit">1 kg = 14,94 zł</span></div><div><button aria-label="Dodaj do koszyka" data-testid="product-add-to-basket-button" class="PriceSection-module_cartBtn--LT628 snrs-add-to-cart" data-sku="2079151" data-name="Hygiene+ " data-regular-price="24.99" data-promo-price="15.99" data-omnibus-price="24.99" data-unit-price="1 kg = 14,94 zł" data-link="/Produkt/Preparaty-do-czyszczenia-pralek/Calgon-Hygiene-proszek-do-czyszczenia-pralki-1-07-kg,2079151,19233" data-img-link="https://pro-fra-s3-productsassets.rossmann.pl/product_1_medium/2079151_360_350_1727471170.webp" data-labels="[&quot;MEGA!&quot;]" data-brand="CALGON" data-caption="proszek do czyszczenia pralki" data-unit="1,07 kg"><svg class="ui-icon " stroke-width="1.8" width="16" height="16" viewBox="0 0 24 24" preserveAspectRatio="" fill="none" stroke="currentColor" stroke-linecap="round" stroke-linejoin="round" overflow="visible"><path d="M3.5 9.47656L6.5 3.47656"></path><path d="M20.5 9.47656L17.5 3.47656"></path><path d="M21.5 12.4766H2.5L4.2 20.9836C4.30662 21.4208 4.56062 21.808 4.91924 22.0799C5.27786 22.3518 5.7192 22.4919 6.169 22.4766H17.831C18.2808 22.4919 18.7221 22.3518 19.0808 22.0799C19.4394 21.808 19.6934 21.4208 19.8 20.9836L21.5 12.4766Z"></path><path d="M21.5 9.47656H2.5C1.94772 9.47656 1.5 9.92428 1.5 10.4766V11.4766C1.5 12.0288 1.94772 12.4766 2.5 12.4766H21.5C22.0523 12.4766 22.5 12.0288 22.5 11.4766V10.4766C22.5 9.92428 22.0523 9.47656 21.5 9.47656Z"></path><path d="M12 15.4766V18.9766"></path><path d="M16.5 15.4766L16 18.9766"></path><path d="M7.5 15.4766L8 18.9766"></path></svg></button></div></div><div class="PriceDetailSection-module_section--GiX3L" data-testid="product-omnibus"><div class="tile-product__lowest-price"><div class="LowestPrice-module_text--cofnN LowestPrice-module_textSmall--57oJQ"><span>Najniższa cena: </span><span data-testid="lowest-price-in-30-days" class="LowestPrice-module_price--E4qKq ml-1"><span data-testid="product-price" class="styles-module_strike--3Okb2  styles-module_xxxSmall--DH55z styles-module_price--9IDpJ">24<span class="styles-module_price--9IDpJ">,99</span> <span>zł</span></span></span><button aria-label="Najniższa cena z 30 dni przed obniżką" data-state="closed" class="OmnibusTrigger-module_button--G5UaQ"><svg class="ui-icon " stroke-width="1.2" width="16" height="16" viewBox="0 0 24 24" preserveAspectRatio="" fill="none" stroke="currentColor" stroke-linecap="round" stroke-linejoin="round" overflow="visible"><path d="M12 22C17.5228 22 22 17.5228 22 12C22 6.47714 17.5228 2 12 2C6.47715 2 2 6.47714 2 12C2 17.5228 6.47715 22 12 22Z"></path><path d="M14 17H12.6667C12.4309 17 12.2048 16.8946 12.0381 16.7071C11.8715 16.5196 11.7778 16.2652 11.7778 16V10.5C11.7778 10.3674 11.7309 10.2402 11.6476 10.1465C11.5643 10.0527 11.4512 10 11.3333 10H10"></path><path d="M11.7415 7C11.6034 7 11.4915 6.88807 11.4915 6.75C11.4915 6.61193 11.6034 6.5 11.7415 6.5"></path><path d="M11.7415 7C11.8795 7 11.9915 6.88807 11.9915 6.75C11.9915 6.61193 11.8795 6.5 11.7415 6.5"></path></svg></button></div></div></div></div><div class="AvailabilitySection-module_section--IibdL AvailabilitySection-module_sectionRound--7ZN6d"><div class="AvailabilitySection-module_record--sV0gc"><div class="AvailabilitySection-module_icon--FClji AvailabilitySection-module_iconHigh--A0P1q"><svg class="ui-icon AvailabilitySection-module_iconCheck--68pbU" stroke-width="1.2" width=" 24" height="24" viewBox="0 0 24 24" preserveAspectRatio="" fill="none" stroke="currentColor" stroke-linecap="round" stroke-linejoin="round" overflow="visible"><path d="M12.6667 4.30981L5.97106 13.6431L3.33337 11.0055"></path></svg></div><div class="AvailabilitySection-module_text--zxru7 AvailabilitySection-module_textSmall--n1xcJ">Dostępny online</div></div><div class="AvailabilitySection-module_record--sV0gc"><div class="AvailabilitySection-module_icon--FClji AvailabilitySection-module_iconMedium--KUbf2"><svg class="ui-icon AvailabilitySection-module_iconExclamation--udHHV" stroke-width="1.2" width=" 24" height="24" viewBox="0 0 24 24" preserveAspectRatio="" fill="none" stroke="currentColor" stroke-linecap="round" stroke-linejoin="round" overflow="visible"><path d="M12 13V7" stroke="none"></path><path d="M11.9912 16.005C11.9585 16.0055 11.9262 16.0126 11.8963 16.0257C11.8664 16.0389 11.8394 16.0579 11.8169 16.0817C11.7945 16.1055 11.777 16.1335 11.7655 16.1641C11.7541 16.1947 11.7489 16.2273 11.7502 16.26C11.7525 16.3256 11.7802 16.3878 11.8273 16.4335C11.8745 16.4792 11.9375 16.5048 12.0032 16.505C12.0359 16.5044 12.0681 16.4972 12.0979 16.484C12.1278 16.4708 12.1547 16.4518 12.1772 16.428C12.1996 16.4043 12.2171 16.3763 12.2286 16.3458C12.2401 16.3152 12.2454 16.2826 12.2442 16.25C12.2422 16.1858 12.2159 16.1248 12.1706 16.0793C12.1253 16.0338 12.0644 16.0073 12.0002 16.005H11.9952" stroke="none"></path></svg></div><button class="AvailabilitySection-module_text--zxru7 AvailabilitySection-module_shopText--7jdjN AvailabilitySection-module_textSmall--n1xcJ">Sprawdź dostępność w drogerii</button></div></div></section></div></div></div><div class="swiper-slide ProductSlider-module_slide--q59i6 mb-4" style="margin-right: 16px;"><div class="ProductTile-module_tile--yFwR2 ProductTile-module_small--bAwXa ProductTile-module_round--R0J7y ProductTile-module_bt--7Rs6T ProductTile-module_br--DiNim ProductTile-module_bb--6rqC2 ProductTile-module_bl--VrBPG " data-testid="product-container"><section><div><div class="HeaderSection-module_headerSection--0ATl3"><div class="HeaderSection-module_badgesSection--2J8Ry"><span class="styles-module_badge--ptqlS styles-module_mega--gSaUd "><span>MEGA!</span></span></div><button aria-label="Dodaj do ulubionych" data-testid="product-add-to-favorites-button" class="HeaderSection-module_favoritesBtn--AtrEF snrs-add-to-fav" data-sku="2103060"><svg class="icon HeaderSection-module_icon--izXrZ " width="22" height="20" viewBox="0 0 22 20" fill="none" xmlns="http://www.w3.org/2000/svg"><path d="M11.0002 19L2.47741 9.85496C1.72993 9.09105 1.23535 8.09895 1.06538 7.02248C0.89541 5.94601 1.05887 4.84111 1.53207 3.86794C1.89665 3.13055 2.42251 2.4928 3.0672 2.00617C3.7119 1.51954 4.45737 1.19766 5.24344 1.06652C6.02951 0.935373 6.83416 0.998637 7.59245 1.2512C8.35073 1.50376 9.04141 1.93855 9.60872 2.52047L11.0002 3.84257L12.3917 2.52047C12.9591 1.93874 13.6498 1.50411 14.408 1.25166C15.1663 0.999207 15.9708 0.935998 16.7569 1.06713C17.5429 1.19827 18.2883 1.52007 18.933 2.00658C19.5777 2.4931 20.1036 3.13069 20.4683 3.86794C20.9412 4.84117 21.1046 5.94601 20.9346 7.02241C20.7646 8.09882 20.2702 9.0909 19.523 9.85496L11.0002 19Z" stroke="currentColor" stroke-width="1.5" stroke-linecap="round" stroke-linejoin="round"></path></svg></button></div></div><div class="ProductTile-module_imageSection--4dy3j"><div class="ImageSection-module_imageSection--JW6B4 ImageSection-module_imageSectionSmall--wtsuO  "><a href="/Produkt/Plyny-do-plukania/Tesori-Doriente-Tesori-DOriente-Ayurveda-koncentrat-do-plukania-tkanin-760-ml,2103060,19230"><img loading="lazy" src="https://pro-fra-s3-productsassets.rossmann.pl/product_1_small/2103060_338_190_1753256509.webp" alt="TESORI D'ORIENTE Ayurveda ,koncentrat do płukania tkanin,przód" data-testid="product-image"></a><div class="ImageSection-module_cmpInfoWrapper---gDf+"></div></div></div><div><a href="/Produkt/Plyny-do-plukania/Tesori-Doriente-Tesori-DOriente-Ayurveda-koncentrat-do-plukania-tkanin-760-ml,2103060,19230"><div title="TESORI D'ORIENTE Ayurveda " class="DescriptionSection-module_brand--+Edq7 DescriptionSection-module_brandSmall--J0DP7" data-testid="product-brand"><strong class="DescriptionSection-module_strongSmall--8u2H2">TESORI D'ORIENTE Ayurveda </strong></div><div title="koncentrat do płukania tkanin" class="DescriptionSection-module_caption--t+QTb DescriptionSection-module_captionSmall--ClR1Q" data-testid="product-caption">koncentrat do płukania tkanin</div><div class="DescriptionSection-module_unitSmall--AyjB0" data-testid="product-unit">760 ml</div></a></div></section><div class="ProductTile-module_priceBox--SIN7O"><section class="w-100 flex flex-column justify-content-between"><div><div class="PriceSection-module_priceSection--eIBii"><div class="PriceSection-module_priceContainer--SxUEN"><div class="PriceSection-module_priceBox--X1xEI" data-testid="product-current-price-wrapper"><span class="PriceSection-module_price--I18Do PriceSection-module_priceSmall--UhUP0 PriceSection-module_pricePromotion--4NEgk" data-testid="product-price"><span>14</span><span>,99 zł</span></span></div><span class="PriceSection-module_pricePerUnitSmall--GF40k" data-testid="product-price-per-unit">100 ml = 1,97 zł</span></div><div><button aria-label="Dodaj do koszyka" data-testid="product-add-to-basket-button" class="PriceSection-module_cartBtn--LT628 snrs-add-to-cart" data-sku="2103060" data-name="Ayurveda " data-regular-price="19.99" data-promo-price="14.99" data-omnibus-price="19.99" data-unit-price="100 ml = 1,97 zł" data-link="/Produkt/Plyny-do-plukania/Tesori-Doriente-Tesori-DOriente-Ayurveda-koncentrat-do-plukania-tkanin-760-ml,2103060,19230" data-img-link="https://pro-fra-s3-productsassets.rossmann.pl/product_1_medium/2103060_360_350_1753256509.webp" data-labels="[&quot;MEGA!&quot;]" data-brand="TESORI D'ORIENTE" data-caption="koncentrat do płukania tkanin" data-unit="760 ml"><svg class="ui-icon " stroke-width="1.8" width="16" height="16" viewBox="0 0 24 24" preserveAspectRatio="" fill="none" stroke="currentColor" stroke-linecap="round" stroke-linejoin="round" overflow="visible"><path d="M3.5 9.47656L6.5 3.47656"></path><path d="M20.5 9.47656L17.5 3.47656"></path><path d="M21.5 12.4766H2.5L4.2 20.9836C4.30662 21.4208 4.56062 21.808 4.91924 22.0799C5.27786 22.3518 5.7192 22.4919 6.169 22.4766H17.831C18.2808 22.4919 18.7221 22.3518 19.0808 22.0799C19.4394 21.808 19.6934 21.4208 19.8 20.9836L21.5 12.4766Z"></path><path d="M21.5 9.47656H2.5C1.94772 9.47656 1.5 9.92428 1.5 10.4766V11.4766C1.5 12.0288 1.94772 12.4766 2.5 12.4766H21.5C22.0523 12.4766 22.5 12.0288 22.5 11.4766V10.4766C22.5 9.92428 22.0523 9.47656 21.5 9.47656Z"></path><path d="M12 15.4766V18.9766"></path><path d="M16.5 15.4766L16 18.9766"></path><path d="M7.5 15.4766L8 18.9766"></path></svg></button></div></div><div class="PriceDetailSection-module_section--GiX3L" data-testid="product-omnibus"><div class="tile-product__lowest-price"><div class="LowestPrice-module_text--cofnN LowestPrice-module_textSmall--57oJQ"><span>Najniższa cena: </span><span data-testid="lowest-price-in-30-days" class="LowestPrice-module_price--E4qKq ml-1"><span data-testid="product-price" class="styles-module_strike--3Okb2  styles-module_xxxSmall--DH55z styles-module_price--9IDpJ">19<span class="styles-module_price--9IDpJ">,99</span> <span>zł</span></span></span><button aria-label="Najniższa cena od wprowadzenia" data-state="closed" class="OmnibusTrigger-module_button--G5UaQ"><svg class="ui-icon " stroke-width="1.2" width="16" height="16" viewBox="0 0 24 24" preserveAspectRatio="" fill="none" stroke="currentColor" stroke-linecap="round" stroke-linejoin="round" overflow="visible"><path d="M12 22C17.5228 22 22 17.5228 22 12C22 6.47714 17.5228 2 12 2C6.47715 2 2 6.47714 2 12C2 17.5228 6.47715 22 12 22Z"></path><path d="M14 17H12.6667C12.4309 17 12.2048 16.8946 12.0381 16.7071C11.8715 16.5196 11.7778 16.2652 11.7778 16V10.5C11.7778 10.3674 11.7309 10.2402 11.6476 10.1465C11.5643 10.0527 11.4512 10 11.3333 10H10"></path><path d="M11.7415 7C11.6034 7 11.4915 6.88807 11.4915 6.75C11.4915 6.61193 11.6034 6.5 11.7415 6.5"></path><path d="M11.7415 7C11.8795 7 11.9915 6.88807 11.9915 6.75C11.9915 6.61193 11.8795 6.5 11.7415 6.5"></path></svg></button></div></div></div></div><div class="AvailabilitySection-module_section--IibdL AvailabilitySection-module_sectionRound--7ZN6d"><div class="AvailabilitySection-module_record--sV0gc"><div class="AvailabilitySection-module_icon--FClji AvailabilitySection-module_iconHigh--A0P1q"><svg class="ui-icon AvailabilitySection-module_iconCheck--68pbU" stroke-width="1.2" width=" 24" height="24" viewBox="0 0 24 24" preserveAspectRatio="" fill="none" stroke="currentColor" stroke-linecap="round" stroke-linejoin="round" overflow="visible"><path d="M12.6667 4.30981L5.97106 13.6431L3.33337 11.0055"></path></svg></div><div class="AvailabilitySection-module_text--zxru7 AvailabilitySection-module_textSmall--n1xcJ">Dostępny online</div></div><div class="AvailabilitySection-module_record--sV0gc"><div class="AvailabilitySection-module_icon--FClji AvailabilitySection-module_iconMedium--KUbf2"><svg class="ui-icon AvailabilitySection-module_iconExclamation--udHHV" stroke-width="1.2" width=" 24" height="24" viewBox="0 0 24 24" preserveAspectRatio="" fill="none" stroke="currentColor" stroke-linecap="round" stroke-linejoin="round" overflow="visible"><path d="M12 13V7" stroke="none"></path><path d="M11.9912 16.005C11.9585 16.0055 11.9262 16.0126 11.8963 16.0257C11.8664 16.0389 11.8394 16.0579 11.8169 16.0817C11.7945 16.1055 11.777 16.1335 11.7655 16.1641C11.7541 16.1947 11.7489 16.2273 11.7502 16.26C11.7525 16.3256 11.7802 16.3878 11.8273 16.4335C11.8745 16.4792 11.9375 16.5048 12.0032 16.505C12.0359 16.5044 12.0681 16.4972 12.0979 16.484C12.1278 16.4708 12.1547 16.4518 12.1772 16.428C12.1996 16.4043 12.2171 16.3763 12.2286 16.3458C12.2401 16.3152 12.2454 16.2826 12.2442 16.25C12.2422 16.1858 12.2159 16.1248 12.1706 16.0793C12.1253 16.0338 12.0644 16.0073 12.0002 16.005H11.9952" stroke="none"></path></svg></div><button class="AvailabilitySection-module_text--zxru7 AvailabilitySection-module_shopText--7jdjN AvailabilitySection-module_textSmall--n1xcJ">Sprawdź dostępność w drogerii</button></div></div></section></div></div></div><div class="swiper-slide ProductSlider-module_slide--q59i6 mb-4" style="margin-right: 16px;"><div class="ProductTile-module_tile--yFwR2 ProductTile-module_small--bAwXa ProductTile-module_round--R0J7y ProductTile-module_bt--7Rs6T ProductTile-module_br--DiNim ProductTile-module_bb--6rqC2 ProductTile-module_bl--VrBPG " data-testid="product-container"><section><div><div class="HeaderSection-module_headerSection--0ATl3"><div class="HeaderSection-module_badgesSection--2J8Ry"><span class="styles-module_badge--ptqlS styles-module_mega--gSaUd "><span>MEGA!</span></span></div><button aria-label="Dodaj do ulubionych" data-testid="product-add-to-favorites-button" class="HeaderSection-module_favoritesBtn--AtrEF snrs-add-to-fav" data-sku="2088864"><svg class="icon HeaderSection-module_icon--izXrZ " width="22" height="20" viewBox="0 0 22 20" fill="none" xmlns="http://www.w3.org/2000/svg"><path d="M11.0002 19L2.47741 9.85496C1.72993 9.09105 1.23535 8.09895 1.06538 7.02248C0.89541 5.94601 1.05887 4.84111 1.53207 3.86794C1.89665 3.13055 2.42251 2.4928 3.0672 2.00617C3.7119 1.51954 4.45737 1.19766 5.24344 1.06652C6.02951 0.935373 6.83416 0.998637 7.59245 1.2512C8.35073 1.50376 9.04141 1.93855 9.60872 2.52047L11.0002 3.84257L12.3917 2.52047C12.9591 1.93874 13.6498 1.50411 14.408 1.25166C15.1663 0.999207 15.9708 0.935998 16.7569 1.06713C17.5429 1.19827 18.2883 1.52007 18.933 2.00658C19.5777 2.4931 20.1036 3.13069 20.4683 3.86794C20.9412 4.84117 21.1046 5.94601 20.9346 7.02241C20.7646 8.09882 20.2702 9.0909 19.523 9.85496L11.0002 19Z" stroke="currentColor" stroke-width="1.5" stroke-linecap="round" stroke-linejoin="round"></path></svg></button></div></div><div class="ProductTile-module_imageSection--4dy3j"><div class="ImageSection-module_imageSection--JW6B4 ImageSection-module_imageSectionSmall--wtsuO  "><a href="/Produkt/Srodki-do-zmywarek/Finish-Ultimate-All-In-1-kapsulki-do-zmywarki-Lemon-120-szt,2088864,19211"><img loading="lazy" src="https://pro-fra-s3-productsassets.rossmann.pl/product_1_small/2088864_338_190_1727450138.webp" alt="FINISH Ultimate All In 1,kapsułki do zmywarki, Lemon,przód" data-testid="product-image"></a><div class="ImageSection-module_cmpInfoWrapper---gDf+"></div></div></div><div><a href="/Produkt/Srodki-do-zmywarek/Finish-Ultimate-All-In-1-kapsulki-do-zmywarki-Lemon-120-szt,2088864,19211"><div title="FINISH Ultimate All In 1" class="DescriptionSection-module_brand--+Edq7 DescriptionSection-module_brandSmall--J0DP7" data-testid="product-brand"><strong class="DescriptionSection-module_strongSmall--8u2H2">FINISH Ultimate All In 1</strong></div><div title="kapsułki do zmywarki, Lemon" class="DescriptionSection-module_caption--t+QTb DescriptionSection-module_captionSmall--ClR1Q" data-testid="product-caption">kapsułki do zmywarki, Lemon</div><div class="DescriptionSection-module_unitSmall--AyjB0" data-testid="product-unit">120 szt.</div></a></div></section><div class="ProductTile-module_priceBox--SIN7O"><section class="w-100 flex flex-column justify-content-between"><div><div class="PriceSection-module_priceSection--eIBii"><div class="PriceSection-module_priceContainer--SxUEN"><div class="PriceSection-module_priceBox--X1xEI" data-testid="product-current-price-wrapper"><span class="PriceSection-module_price--I18Do PriceSection-module_priceSmall--UhUP0 PriceSection-module_pricePromotion--4NEgk" data-testid="product-price"><span>99</span><span>,99 zł</span></span></div><span class="PriceSection-module_pricePerUnitSmall--GF40k" data-testid="product-price-per-unit">1 szt. = 0,83 zł</span></div><div><button aria-label="Dodaj do koszyka" data-testid="product-add-to-basket-button" class="PriceSection-module_cartBtn--LT628 snrs-add-to-cart" data-sku="2088864" data-name="Ultimate All In 1" data-regular-price="129.99" data-promo-price="99.99" data-omnibus-price="129.99" data-unit-price="1 szt. = 0,83 zł" data-link="/Produkt/Srodki-do-zmywarek/Finish-Ultimate-All-In-1-kapsulki-do-zmywarki-Lemon-120-szt,2088864,19211" data-img-link="https://pro-fra-s3-productsassets.rossmann.pl/product_1_medium/2088864_360_350_1727450140.webp" data-labels="[&quot;MEGA!&quot;]" data-brand="FINISH" data-caption="kapsułki do zmywarki, Lemon" data-unit="120 szt."><svg class="ui-icon " stroke-width="1.8" width="16" height="16" viewBox="0 0 24 24" preserveAspectRatio="" fill="none" stroke="currentColor" stroke-linecap="round" stroke-linejoin="round" overflow="visible"><path d="M3.5 9.47656L6.5 3.47656"></path><path d="M20.5 9.47656L17.5 3.47656"></path><path d="M21.5 12.4766H2.5L4.2 20.9836C4.30662 21.4208 4.56062 21.808 4.91924 22.0799C5.27786 22.3518 5.7192 22.4919 6.169 22.4766H17.831C18.2808 22.4919 18.7221 22.3518 19.0808 22.0799C19.4394 21.808 19.6934 21.4208 19.8 20.9836L21.5 12.4766Z"></path><path d="M21.5 9.47656H2.5C1.94772 9.47656 1.5 9.92428 1.5 10.4766V11.4766C1.5 12.0288 1.94772 12.4766 2.5 12.4766H21.5C22.0523 12.4766 22.5 12.0288 22.5 11.4766V10.4766C22.5 9.92428 22.0523 9.47656 21.5 9.47656Z"></path><path d="M12 15.4766V18.9766"></path><path d="M16.5 15.4766L16 18.9766"></path><path d="M7.5 15.4766L8 18.9766"></path></svg></button></div></div><div class="PriceDetailSection-module_section--GiX3L" data-testid="product-omnibus"><div class="tile-product__lowest-price"><div class="LowestPrice-module_text--cofnN LowestPrice-module_textSmall--57oJQ"><span>Najniższa cena: </span><span data-testid="lowest-price-in-30-days" class="LowestPrice-module_price--E4qKq ml-1"><span data-testid="product-price" class="styles-module_strike--3Okb2  styles-module_xxxSmall--DH55z styles-module_price--9IDpJ">129<span class="styles-module_price--9IDpJ">,99</span> <span>zł</span></span></span><button aria-label="Najniższa cena z 30 dni przed obniżką" data-state="closed" class="OmnibusTrigger-module_button--G5UaQ"><svg class="ui-icon " stroke-width="1.2" width="16" height="16" viewBox="0 0 24 24" preserveAspectRatio="" fill="none" stroke="currentColor" stroke-linecap="round" stroke-linejoin="round" overflow="visible"><path d="M12 22C17.5228 22 22 17.5228 22 12C22 6.47714 17.5228 2 12 2C6.47715 2 2 6.47714 2 12C2 17.5228 6.47715 22 12 22Z"></path><path d="M14 17H12.6667C12.4309 17 12.2048 16.8946 12.0381 16.7071C11.8715 16.5196 11.7778 16.2652 11.7778 16V10.5C11.7778 10.3674 11.7309 10.2402 11.6476 10.1465C11.5643 10.0527 11.4512 10 11.3333 10H10"></path><path d="M11.7415 7C11.6034 7 11.4915 6.88807 11.4915 6.75C11.4915 6.61193 11.6034 6.5 11.7415 6.5"></path><path d="M11.7415 7C11.8795 7 11.9915 6.88807 11.9915 6.75C11.9915 6.61193 11.8795 6.5 11.7415 6.5"></path></svg></button></div></div></div></div><div class="AvailabilitySection-module_section--IibdL AvailabilitySection-module_sectionRound--7ZN6d"><div class="AvailabilitySection-module_record--sV0gc"><div class="AvailabilitySection-module_icon--FClji AvailabilitySection-module_iconHigh--A0P1q"><svg class="ui-icon AvailabilitySection-module_iconCheck--68pbU" stroke-width="1.2" width=" 24" height="24" viewBox="0 0 24 24" preserveAspectRatio="" fill="none" stroke="currentColor" stroke-linecap="round" stroke-linejoin="round" overflow="visible"><path d="M12.6667 4.30981L5.97106 13.6431L3.33337 11.0055"></path></svg></div><div class="AvailabilitySection-module_text--zxru7 AvailabilitySection-module_textSmall--n1xcJ">Dostępny online</div></div><div class="AvailabilitySection-module_record--sV0gc"><div class="AvailabilitySection-module_icon--FClji AvailabilitySection-module_iconMedium--KUbf2"><svg class="ui-icon AvailabilitySection-module_iconExclamation--udHHV" stroke-width="1.2" width=" 24" height="24" viewBox="0 0 24 24" preserveAspectRatio="" fill="none" stroke="currentColor" stroke-linecap="round" stroke-linejoin="round" overflow="visible"><path d="M12 13V7" stroke="none"></path><path d="M11.9912 16.005C11.9585 16.0055 11.9262 16.0126 11.8963 16.0257C11.8664 16.0389 11.8394 16.0579 11.8169 16.0817C11.7945 16.1055 11.777 16.1335 11.7655 16.1641C11.7541 16.1947 11.7489 16.2273 11.7502 16.26C11.7525 16.3256 11.7802 16.3878 11.8273 16.4335C11.8745 16.4792 11.9375 16.5048 12.0032 16.505C12.0359 16.5044 12.0681 16.4972 12.0979 16.484C12.1278 16.4708 12.1547 16.4518 12.1772 16.428C12.1996 16.4043 12.2171 16.3763 12.2286 16.3458C12.2401 16.3152 12.2454 16.2826 12.2442 16.25C12.2422 16.1858 12.2159 16.1248 12.1706 16.0793C12.1253 16.0338 12.0644 16.0073 12.0002 16.005H11.9952" stroke="none"></path></svg></div><button class="AvailabilitySection-module_text--zxru7 AvailabilitySection-module_shopText--7jdjN AvailabilitySection-module_textSmall--n1xcJ">Sprawdź dostępność w drogerii</button></div></div></section></div></div></div><div class="swiper-slide ProductSlider-module_slide--q59i6 mb-4" style="margin-right: 16px;"><div class="ProductTile-module_tile--yFwR2 ProductTile-module_small--bAwXa ProductTile-module_round--R0J7y ProductTile-module_bt--7Rs6T ProductTile-module_br--DiNim ProductTile-module_bb--6rqC2 ProductTile-module_bl--VrBPG " data-testid="product-container"><section><div><div class="HeaderSection-module_headerSection--0ATl3"><div class="HeaderSection-module_badgesSection--2J8Ry"><span class="styles-module_badge--ptqlS styles-module_mega--gSaUd "><span>MEGA!</span></span></div><button aria-label="Dodaj do ulubionych" data-testid="product-add-to-favorites-button" class="HeaderSection-module_favoritesBtn--AtrEF snrs-add-to-fav" data-sku="24621"><svg class="icon HeaderSection-module_icon--izXrZ " width="22" height="20" viewBox="0 0 22 20" fill="none" xmlns="http://www.w3.org/2000/svg"><path d="M11.0002 19L2.47741 9.85496C1.72993 9.09105 1.23535 8.09895 1.06538 7.02248C0.89541 5.94601 1.05887 4.84111 1.53207 3.86794C1.89665 3.13055 2.42251 2.4928 3.0672 2.00617C3.7119 1.51954 4.45737 1.19766 5.24344 1.06652C6.02951 0.935373 6.83416 0.998637 7.59245 1.2512C8.35073 1.50376 9.04141 1.93855 9.60872 2.52047L11.0002 3.84257L12.3917 2.52047C12.9591 1.93874 13.6498 1.50411 14.408 1.25166C15.1663 0.999207 15.9708 0.935998 16.7569 1.06713C17.5429 1.19827 18.2883 1.52007 18.933 2.00658C19.5777 2.4931 20.1036 3.13069 20.4683 3.86794C20.9412 4.84117 21.1046 5.94601 20.9346 7.02241C20.7646 8.09882 20.2702 9.0909 19.523 9.85496L11.0002 19Z" stroke="currentColor" stroke-width="1.5" stroke-linecap="round" stroke-linejoin="round"></path></svg></button></div></div><div class="ProductTile-module_imageSection--4dy3j"><div class="ImageSection-module_imageSection--JW6B4 ImageSection-module_imageSectionSmall--wtsuO  "><a href="/Produkt/Srodki-do-szyb-okien-luster/Clin-Streak-free-plyn-do-mycia-okien-i-luster-Lemon-500-ml,24621,19221"><img loading="lazy" src="https://pro-fra-s3-productsassets.rossmann.pl/product_1_small/24621_338_190_1727391196.webp" alt="CLIN Streak free ,płyn do mycia okien i luster, Lemon,przód" data-testid="product-image"></a><div class="ImageSection-module_cmpInfoWrapper---gDf+"></div></div></div><div><a href="/Produkt/Srodki-do-szyb-okien-luster/Clin-Streak-free-plyn-do-mycia-okien-i-luster-Lemon-500-ml,24621,19221"><div title="CLIN Streak free " class="DescriptionSection-module_brand--+Edq7 DescriptionSection-module_brandSmall--J0DP7" data-testid="product-brand"><strong class="DescriptionSection-module_strongSmall--8u2H2">CLIN Streak free </strong></div><div title="płyn do mycia okien i luster, Lemon" class="DescriptionSection-module_caption--t+QTb DescriptionSection-module_captionSmall--ClR1Q" data-testid="product-caption">płyn do mycia okien i luster, Lemon</div><div class="DescriptionSection-module_unitSmall--AyjB0" data-testid="product-unit">500 ml</div></a></div></section><div class="ProductTile-module_priceBox--SIN7O"><section class="w-100 flex flex-column justify-content-between"><div><div class="PriceSection-module_priceSection--eIBii"><div class="PriceSection-module_priceContainer--SxUEN"><div class="PriceSection-module_priceBox--X1xEI" data-testid="product-current-price-wrapper"><span class="PriceSection-module_price--I18Do PriceSection-module_priceSmall--UhUP0 PriceSection-module_pricePromotion--4NEgk" data-testid="product-price"><span>8</span><span>,99 zł</span></span></div><span class="PriceSection-module_pricePerUnitSmall--GF40k" data-testid="product-price-per-unit">100 ml = 1,80 zł</span></div><div><button aria-label="Dodaj do koszyka" data-testid="product-add-to-basket-button" class="PriceSection-module_cartBtn--LT628 snrs-add-to-cart" data-sku="24621" data-name="Streak free " data-regular-price="14.99" data-promo-price="8.99" data-omnibus-price="11.99" data-unit-price="100 ml = 1,80 zł" data-link="/Produkt/Srodki-do-szyb-okien-luster/Clin-Streak-free-plyn-do-mycia-okien-i-luster-Lemon-500-ml,24621,19221" data-img-link="https://pro-fra-s3-productsassets.rossmann.pl/product_1_medium/24621_360_350_1727391196.webp" data-labels="[&quot;MEGA!&quot;]" data-brand="CLIN" data-caption="płyn do mycia okien i luster, Lemon" data-unit="500 ml"><svg class="ui-icon " stroke-width="1.8" width="16" height="16" viewBox="0 0 24 24" preserveAspectRatio="" fill="none" stroke="currentColor" stroke-linecap="round" stroke-linejoin="round" overflow="visible"><path d="M3.5 9.47656L6.5 3.47656"></path><path d="M20.5 9.47656L17.5 3.47656"></path><path d="M21.5 12.4766H2.5L4.2 20.9836C4.30662 21.4208 4.56062 21.808 4.91924 22.0799C5.27786 22.3518 5.7192 22.4919 6.169 22.4766H17.831C18.2808 22.4919 18.7221 22.3518 19.0808 22.0799C19.4394 21.808 19.6934 21.4208 19.8 20.9836L21.5 12.4766Z"></path><path d="M21.5 9.47656H2.5C1.94772 9.47656 1.5 9.92428 1.5 10.4766V11.4766C1.5 12.0288 1.94772 12.4766 2.5 12.4766H21.5C22.0523 12.4766 22.5 12.0288 22.5 11.4766V10.4766C22.5 9.92428 22.0523 9.47656 21.5 9.47656Z"></path><path d="M12 15.4766V18.9766"></path><path d="M16.5 15.4766L16 18.9766"></path><path d="M7.5 15.4766L8 18.9766"></path></svg></button></div></div><div class="PriceDetailSection-module_section--GiX3L" data-testid="product-omnibus"><div class="tile-product__lowest-price"><div class="BasicPrice-module_text--3+PZK BasicPrice-module_textSmall--i6ihL"><span>Cena&nbsp;regularna:</span><span data-testid="basic-price" class="BasicPrice-module_price--QC1tg"><span data-testid="product-price" class="styles-module_strike--3Okb2  styles-module_xxxSmall--DH55z styles-module_price--9IDpJ">14<span class="styles-module_price--9IDpJ">,99</span> <span>zł</span></span></span></div></div><div class="tile-product__lowest-price"><div class="LowestPrice-module_text--cofnN LowestPrice-module_textSmall--57oJQ"><span>Najniższa cena: </span><span data-testid="lowest-price-in-30-days" class="LowestPrice-module_price--E4qKq ml-1"><span data-testid="product-price" class="styles-module_strike--3Okb2  styles-module_xxxSmall--DH55z styles-module_price--9IDpJ">11<span class="styles-module_price--9IDpJ">,99</span> <span>zł</span></span></span><button aria-label="Najniższa cena z 30 dni przed obniżką" data-state="closed" class="OmnibusTrigger-module_button--G5UaQ"><svg class="ui-icon " stroke-width="1.2" width="16" height="16" viewBox="0 0 24 24" preserveAspectRatio="" fill="none" stroke="currentColor" stroke-linecap="round" stroke-linejoin="round" overflow="visible"><path d="M12 22C17.5228 22 22 17.5228 22 12C22 6.47714 17.5228 2 12 2C6.47715 2 2 6.47714 2 12C2 17.5228 6.47715 22 12 22Z"></path><path d="M14 17H12.6667C12.4309 17 12.2048 16.8946 12.0381 16.7071C11.8715 16.5196 11.7778 16.2652 11.7778 16V10.5C11.7778 10.3674 11.7309 10.2402 11.6476 10.1465C11.5643 10.0527 11.4512 10 11.3333 10H10"></path><path d="M11.7415 7C11.6034 7 11.4915 6.88807 11.4915 6.75C11.4915 6.61193 11.6034 6.5 11.7415 6.5"></path><path d="M11.7415 7C11.8795 7 11.9915 6.88807 11.9915 6.75C11.9915 6.61193 11.8795 6.5 11.7415 6.5"></path></svg></button></div></div></div></div><div class="AvailabilitySection-module_section--IibdL AvailabilitySection-module_sectionRound--7ZN6d"><div class="AvailabilitySection-module_record--sV0gc"><div class="AvailabilitySection-module_icon--FClji AvailabilitySection-module_iconHigh--A0P1q"><svg class="ui-icon AvailabilitySection-module_iconCheck--68pbU" stroke-width="1.2" width=" 24" height="24" viewBox="0 0 24 24" preserveAspectRatio="" fill="none" stroke="currentColor" stroke-linecap="round" stroke-linejoin="round" overflow="visible"><path d="M12.6667 4.30981L5.97106 13.6431L3.33337 11.0055"></path></svg></div><div class="AvailabilitySection-module_text--zxru7 AvailabilitySection-module_textSmall--n1xcJ">Dostępny online</div></div><div class="AvailabilitySection-module_record--sV0gc"><div class="AvailabilitySection-module_icon--FClji AvailabilitySection-module_iconMedium--KUbf2"><svg class="ui-icon AvailabilitySection-module_iconExclamation--udHHV" stroke-width="1.2" width=" 24" height="24" viewBox="0 0 24 24" preserveAspectRatio="" fill="none" stroke="currentColor" stroke-linecap="round" stroke-linejoin="round" overflow="visible"><path d="M12 13V7" stroke="none"></path><path d="M11.9912 16.005C11.9585 16.0055 11.9262 16.0126 11.8963 16.0257C11.8664 16.0389 11.8394 16.0579 11.8169 16.0817C11.7945 16.1055 11.777 16.1335 11.7655 16.1641C11.7541 16.1947 11.7489 16.2273 11.7502 16.26C11.7525 16.3256 11.7802 16.3878 11.8273 16.4335C11.8745 16.4792 11.9375 16.5048 12.0032 16.505C12.0359 16.5044 12.0681 16.4972 12.0979 16.484C12.1278 16.4708 12.1547 16.4518 12.1772 16.428C12.1996 16.4043 12.2171 16.3763 12.2286 16.3458C12.2401 16.3152 12.2454 16.2826 12.2442 16.25C12.2422 16.1858 12.2159 16.1248 12.1706 16.0793C12.1253 16.0338 12.0644 16.0073 12.0002 16.005H11.9952" stroke="none"></path></svg></div><button class="AvailabilitySection-module_text--zxru7 AvailabilitySection-module_shopText--7jdjN AvailabilitySection-module_textSmall--n1xcJ">Sprawdź dostępność w drogerii</button></div></div></section></div></div></div><div class="swiper-slide ProductSlider-module_slide--q59i6 mb-4" style="margin-right: 16px;"><div class="ProductTile-module_tile--yFwR2 ProductTile-module_small--bAwXa ProductTile-module_round--R0J7y ProductTile-module_bt--7Rs6T ProductTile-module_br--DiNim ProductTile-module_bb--6rqC2 ProductTile-module_bl--VrBPG " data-testid="product-container"><section><div><div class="HeaderSection-module_headerSection--0ATl3"><div class="HeaderSection-module_badgesSection--2J8Ry"><span class="styles-module_badge--ptqlS styles-module_mega--gSaUd "><span>MEGA!</span></span></div><button aria-label="Dodaj do ulubionych" data-testid="product-add-to-favorites-button" class="HeaderSection-module_favoritesBtn--AtrEF snrs-add-to-fav" data-sku="394881"><svg class="icon HeaderSection-module_icon--izXrZ " width="22" height="20" viewBox="0 0 22 20" fill="none" xmlns="http://www.w3.org/2000/svg"><path d="M11.0002 19L2.47741 9.85496C1.72993 9.09105 1.23535 8.09895 1.06538 7.02248C0.89541 5.94601 1.05887 4.84111 1.53207 3.86794C1.89665 3.13055 2.42251 2.4928 3.0672 2.00617C3.7119 1.51954 4.45737 1.19766 5.24344 1.06652C6.02951 0.935373 6.83416 0.998637 7.59245 1.2512C8.35073 1.50376 9.04141 1.93855 9.60872 2.52047L11.0002 3.84257L12.3917 2.52047C12.9591 1.93874 13.6498 1.50411 14.408 1.25166C15.1663 0.999207 15.9708 0.935998 16.7569 1.06713C17.5429 1.19827 18.2883 1.52007 18.933 2.00658C19.5777 2.4931 20.1036 3.13069 20.4683 3.86794C20.9412 4.84117 21.1046 5.94601 20.9346 7.02241C20.7646 8.09882 20.2702 9.0909 19.523 9.85496L11.0002 19Z" stroke="currentColor" stroke-width="1.5" stroke-linecap="round" stroke-linejoin="round"></path></svg></button></div></div><div class="ProductTile-module_imageSection--4dy3j"><div class="ImageSection-module_imageSection--JW6B4 ImageSection-module_imageSectionSmall--wtsuO  "><a href="/Produkt/Srodki-do-mycia-lazienki/Nanomax-preparat-do-czyszczenia-lazienek-i-sanitariatow-500-ml,394881,19223"><img loading="lazy" src="https://pro-fra-s3-productsassets.rossmann.pl/product_1_small/394881_338_190_1738249625.webp" alt="NANOMAX ,preparat do czyszczenia łazienek i sanitariatów,przód" data-testid="product-image"></a><div class="ImageSection-module_cmpInfoWrapper---gDf+"></div></div></div><div><a href="/Produkt/Srodki-do-mycia-lazienki/Nanomax-preparat-do-czyszczenia-lazienek-i-sanitariatow-500-ml,394881,19223"><div title="NANOMAX " class="DescriptionSection-module_brand--+Edq7 DescriptionSection-module_brandSmall--J0DP7" data-testid="product-brand"><strong class="DescriptionSection-module_strongSmall--8u2H2">NANOMAX </strong></div><div title="preparat do czyszczenia łazienek i sanitariatów" class="DescriptionSection-module_caption--t+QTb DescriptionSection-module_captionSmall--ClR1Q" data-testid="product-caption">preparat do czyszczenia łazienek i sanitariatów</div><div class="DescriptionSection-module_unitSmall--AyjB0" data-testid="product-unit">500 ml</div></a></div></section><div class="ProductTile-module_priceBox--SIN7O"><section class="w-100 flex flex-column justify-content-between"><div><div class="PriceSection-module_priceSection--eIBii"><div class="PriceSection-module_priceContainer--SxUEN"><div class="PriceSection-module_priceBox--X1xEI" data-testid="product-current-price-wrapper"><span class="PriceSection-module_price--I18Do PriceSection-module_priceSmall--UhUP0 PriceSection-module_pricePromotion--4NEgk" data-testid="product-price"><span>14</span><span>,99 zł</span></span></div><span class="PriceSection-module_pricePerUnitSmall--GF40k" data-testid="product-price-per-unit">100 ml = 3,00 zł</span></div><div><button aria-label="Dodaj do koszyka" data-testid="product-add-to-basket-button" class="PriceSection-module_cartBtn--LT628 snrs-add-to-cart" data-sku="394881" data-name="" data-regular-price="18.99" data-promo-price="14.99" data-omnibus-price="18.99" data-unit-price="100 ml = 3,00 zł" data-link="/Produkt/Srodki-do-mycia-lazienki/Nanomax-preparat-do-czyszczenia-lazienek-i-sanitariatow-500-ml,394881,19223" data-img-link="https://pro-fra-s3-productsassets.rossmann.pl/product_1_medium/394881_360_350_1738249627.webp" data-labels="[&quot;MEGA!&quot;]" data-brand="NANOMAX" data-caption="preparat do czyszczenia łazienek i sanitariatów" data-unit="500 ml"><svg class="ui-icon " stroke-width="1.8" width="16" height="16" viewBox="0 0 24 24" preserveAspectRatio="" fill="none" stroke="currentColor" stroke-linecap="round" stroke-linejoin="round" overflow="visible"><path d="M3.5 9.47656L6.5 3.47656"></path><path d="M20.5 9.47656L17.5 3.47656"></path><path d="M21.5 12.4766H2.5L4.2 20.9836C4.30662 21.4208 4.56062 21.808 4.91924 22.0799C5.27786 22.3518 5.7192 22.4919 6.169 22.4766H17.831C18.2808 22.4919 18.7221 22.3518 19.0808 22.0799C19.4394 21.808 19.6934 21.4208 19.8 20.9836L21.5 12.4766Z"></path><path d="M21.5 9.47656H2.5C1.94772 9.47656 1.5 9.92428 1.5 10.4766V11.4766C1.5 12.0288 1.94772 12.4766 2.5 12.4766H21.5C22.0523 12.4766 22.5 12.0288 22.5 11.4766V10.4766C22.5 9.92428 22.0523 9.47656 21.5 9.47656Z"></path><path d="M12 15.4766V18.9766"></path><path d="M16.5 15.4766L16 18.9766"></path><path d="M7.5 15.4766L8 18.9766"></path></svg></button></div></div><div class="PriceDetailSection-module_section--GiX3L" data-testid="product-omnibus"><div class="tile-product__lowest-price"><div class="LowestPrice-module_text--cofnN LowestPrice-module_textSmall--57oJQ"><span>Najniższa cena: </span><span data-testid="lowest-price-in-30-days" class="LowestPrice-module_price--E4qKq ml-1"><span data-testid="product-price" class="styles-module_strike--3Okb2  styles-module_xxxSmall--DH55z styles-module_price--9IDpJ">18<span class="styles-module_price--9IDpJ">,99</span> <span>zł</span></span></span><button aria-label="Najniższa cena od wprowadzenia" data-state="closed" class="OmnibusTrigger-module_button--G5UaQ"><svg class="ui-icon " stroke-width="1.2" width="16" height="16" viewBox="0 0 24 24" preserveAspectRatio="" fill="none" stroke="currentColor" stroke-linecap="round" stroke-linejoin="round" overflow="visible"><path d="M12 22C17.5228 22 22 17.5228 22 12C22 6.47714 17.5228 2 12 2C6.47715 2 2 6.47714 2 12C2 17.5228 6.47715 22 12 22Z"></path><path d="M14 17H12.6667C12.4309 17 12.2048 16.8946 12.0381 16.7071C11.8715 16.5196 11.7778 16.2652 11.7778 16V10.5C11.7778 10.3674 11.7309 10.2402 11.6476 10.1465C11.5643 10.0527 11.4512 10 11.3333 10H10"></path><path d="M11.7415 7C11.6034 7 11.4915 6.88807 11.4915 6.75C11.4915 6.61193 11.6034 6.5 11.7415 6.5"></path><path d="M11.7415 7C11.8795 7 11.9915 6.88807 11.9915 6.75C11.9915 6.61193 11.8795 6.5 11.7415 6.5"></path></svg></button></div></div></div></div><div class="AvailabilitySection-module_section--IibdL AvailabilitySection-module_sectionRound--7ZN6d"><div class="AvailabilitySection-module_record--sV0gc"><div class="AvailabilitySection-module_icon--FClji AvailabilitySection-module_iconHigh--A0P1q"><svg class="ui-icon AvailabilitySection-module_iconCheck--68pbU" stroke-width="1.2" width=" 24" height="24" viewBox="0 0 24 24" preserveAspectRatio="" fill="none" stroke="currentColor" stroke-linecap="round" stroke-linejoin="round" overflow="visible"><path d="M12.6667 4.30981L5.97106 13.6431L3.33337 11.0055"></path></svg></div><div class="AvailabilitySection-module_text--zxru7 AvailabilitySection-module_textSmall--n1xcJ">Dostępny online</div></div><div class="AvailabilitySection-module_record--sV0gc"><div class="AvailabilitySection-module_icon--FClji AvailabilitySection-module_iconMedium--KUbf2"><svg class="ui-icon AvailabilitySection-module_iconExclamation--udHHV" stroke-width="1.2" width=" 24" height="24" viewBox="0 0 24 24" preserveAspectRatio="" fill="none" stroke="currentColor" stroke-linecap="round" stroke-linejoin="round" overflow="visible"><path d="M12 13V7" stroke="none"></path><path d="M11.9912 16.005C11.9585 16.0055 11.9262 16.0126 11.8963 16.0257C11.8664 16.0389 11.8394 16.0579 11.8169 16.0817C11.7945 16.1055 11.777 16.1335 11.7655 16.1641C11.7541 16.1947 11.7489 16.2273 11.7502 16.26C11.7525 16.3256 11.7802 16.3878 11.8273 16.4335C11.8745 16.4792 11.9375 16.5048 12.0032 16.505C12.0359 16.5044 12.0681 16.4972 12.0979 16.484C12.1278 16.4708 12.1547 16.4518 12.1772 16.428C12.1996 16.4043 12.2171 16.3763 12.2286 16.3458C12.2401 16.3152 12.2454 16.2826 12.2442 16.25C12.2422 16.1858 12.2159 16.1248 12.1706 16.0793C12.1253 16.0338 12.0644 16.0073 12.0002 16.005H11.9952" stroke="none"></path></svg></div><button class="AvailabilitySection-module_text--zxru7 AvailabilitySection-module_shopText--7jdjN AvailabilitySection-module_textSmall--n1xcJ">Sprawdź dostępność w drogerii</button></div></div></section></div></div></div><div class="swiper-slide ProductSlider-module_slide--q59i6 mb-4" style="margin-right: 16px;"><div class="ProductTile-module_tile--yFwR2 ProductTile-module_small--bAwXa ProductTile-module_round--R0J7y ProductTile-module_bt--7Rs6T ProductTile-module_br--DiNim ProductTile-module_bb--6rqC2 ProductTile-module_bl--VrBPG " data-testid="product-container"><section><div><div class="HeaderSection-module_headerSection--0ATl3"><div class="HeaderSection-module_badgesSection--2J8Ry"><span class="styles-module_badge--ptqlS styles-module_mega--gSaUd "><span>MEGA!</span></span></div><button aria-label="Dodaj do ulubionych" data-testid="product-add-to-favorites-button" class="HeaderSection-module_favoritesBtn--AtrEF snrs-add-to-fav" data-sku="2116282"><svg class="icon HeaderSection-module_icon--izXrZ " width="22" height="20" viewBox="0 0 22 20" fill="none" xmlns="http://www.w3.org/2000/svg"><path d="M11.0002 19L2.47741 9.85496C1.72993 9.09105 1.23535 8.09895 1.06538 7.02248C0.89541 5.94601 1.05887 4.84111 1.53207 3.86794C1.89665 3.13055 2.42251 2.4928 3.0672 2.00617C3.7119 1.51954 4.45737 1.19766 5.24344 1.06652C6.02951 0.935373 6.83416 0.998637 7.59245 1.2512C8.35073 1.50376 9.04141 1.93855 9.60872 2.52047L11.0002 3.84257L12.3917 2.52047C12.9591 1.93874 13.6498 1.50411 14.408 1.25166C15.1663 0.999207 15.9708 0.935998 16.7569 1.06713C17.5429 1.19827 18.2883 1.52007 18.933 2.00658C19.5777 2.4931 20.1036 3.13069 20.4683 3.86794C20.9412 4.84117 21.1046 5.94601 20.9346 7.02241C20.7646 8.09882 20.2702 9.0909 19.523 9.85496L11.0002 19Z" stroke="currentColor" stroke-width="1.5" stroke-linecap="round" stroke-linejoin="round"></path></svg></button></div></div><div class="ProductTile-module_imageSection--4dy3j"><div class="ImageSection-module_imageSection--JW6B4 ImageSection-module_imageSectionSmall--wtsuO  "><a href="/Produkt/Kostki-do-Wc/Domestos-Power-5-Magic-Unicorn-kostka-toaletowa-opakowanie-XXL-250-g,2116282,19215"><img loading="lazy" src="https://pro-fra-s3-productsassets.rossmann.pl/product_1_small/2116282_338_190_1751455682.webp" alt="DOMESTOS Power 5 Magic Unicorn,kostka toaletowa, opakowanie XXL,przód" data-testid="product-image"></a><div class="ImageSection-module_cmpInfoWrapper---gDf+"></div></div></div><div><a href="/Produkt/Kostki-do-Wc/Domestos-Power-5-Magic-Unicorn-kostka-toaletowa-opakowanie-XXL-250-g,2116282,19215"><div title="DOMESTOS Power 5 Magic Unicorn" class="DescriptionSection-module_brand--+Edq7 DescriptionSection-module_brandSmall--J0DP7" data-testid="product-brand"><strong class="DescriptionSection-module_strongSmall--8u2H2">DOMESTOS Power 5 Magic Unicorn</strong></div><div title="kostka toaletowa, opakowanie XXL" class="DescriptionSection-module_caption--t+QTb DescriptionSection-module_captionSmall--ClR1Q" data-testid="product-caption">kostka toaletowa, opakowanie XXL</div><div class="DescriptionSection-module_unitSmall--AyjB0" data-testid="product-unit">250 g</div></a></div></section><div class="ProductTile-module_priceBox--SIN7O"><section class="w-100 flex flex-column justify-content-between"><div><div class="PriceSection-module_priceSection--eIBii"><div class="PriceSection-module_priceContainer--SxUEN"><div class="PriceSection-module_priceBox--X1xEI" data-testid="product-current-price-wrapper"><span class="PriceSection-module_price--I18Do PriceSection-module_priceSmall--UhUP0 PriceSection-module_pricePromotion--4NEgk" data-testid="product-price"><span>23</span><span>,99 zł</span></span></div><span class="PriceSection-module_pricePerUnitSmall--GF40k" data-testid="product-price-per-unit">100 g = 9,60 zł</span></div><div><button aria-label="Dodaj do koszyka" data-testid="product-add-to-basket-button" class="PriceSection-module_cartBtn--LT628 snrs-add-to-cart" data-sku="2116282" data-name="Power 5 Magic Unicorn" data-regular-price="29.99" data-promo-price="23.99" data-omnibus-price="29.99" data-unit-price="100 g = 9,60 zł" data-link="/Produkt/Kostki-do-Wc/Domestos-Power-5-Magic-Unicorn-kostka-toaletowa-opakowanie-XXL-250-g,2116282,19215" data-img-link="https://pro-fra-s3-productsassets.rossmann.pl/product_1_medium/2116282_360_350_1751455685.webp" data-labels="[&quot;MEGA!&quot;]" data-brand="DOMESTOS" data-caption="kostka toaletowa, opakowanie XXL" data-unit="250 g"><svg class="ui-icon " stroke-width="1.8" width="16" height="16" viewBox="0 0 24 24" preserveAspectRatio="" fill="none" stroke="currentColor" stroke-linecap="round" stroke-linejoin="round" overflow="visible"><path d="M3.5 9.47656L6.5 3.47656"></path><path d="M20.5 9.47656L17.5 3.47656"></path><path d="M21.5 12.4766H2.5L4.2 20.9836C4.30662 21.4208 4.56062 21.808 4.91924 22.0799C5.27786 22.3518 5.7192 22.4919 6.169 22.4766H17.831C18.2808 22.4919 18.7221 22.3518 19.0808 22.0799C19.4394 21.808 19.6934 21.4208 19.8 20.9836L21.5 12.4766Z"></path><path d="M21.5 9.47656H2.5C1.94772 9.47656 1.5 9.92428 1.5 10.4766V11.4766C1.5 12.0288 1.94772 12.4766 2.5 12.4766H21.5C22.0523 12.4766 22.5 12.0288 22.5 11.4766V10.4766C22.5 9.92428 22.0523 9.47656 21.5 9.47656Z"></path><path d="M12 15.4766V18.9766"></path><path d="M16.5 15.4766L16 18.9766"></path><path d="M7.5 15.4766L8 18.9766"></path></svg></button></div></div><div class="PriceDetailSection-module_section--GiX3L" data-testid="product-omnibus"><div class="tile-product__lowest-price"><div class="LowestPrice-module_text--cofnN LowestPrice-module_textSmall--57oJQ"><span>Najniższa cena: </span><span data-testid="lowest-price-in-30-days" class="LowestPrice-module_price--E4qKq ml-1"><span data-testid="product-price" class="styles-module_strike--3Okb2  styles-module_xxxSmall--DH55z styles-module_price--9IDpJ">29<span class="styles-module_price--9IDpJ">,99</span> <span>zł</span></span></span><button aria-label="Najniższa cena od wprowadzenia" data-state="closed" class="OmnibusTrigger-module_button--G5UaQ"><svg class="ui-icon " stroke-width="1.2" width="16" height="16" viewBox="0 0 24 24" preserveAspectRatio="" fill="none" stroke="currentColor" stroke-linecap="round" stroke-linejoin="round" overflow="visible"><path d="M12 22C17.5228 22 22 17.5228 22 12C22 6.47714 17.5228 2 12 2C6.47715 2 2 6.47714 2 12C2 17.5228 6.47715 22 12 22Z"></path><path d="M14 17H12.6667C12.4309 17 12.2048 16.8946 12.0381 16.7071C11.8715 16.5196 11.7778 16.2652 11.7778 16V10.5C11.7778 10.3674 11.7309 10.2402 11.6476 10.1465C11.5643 10.0527 11.4512 10 11.3333 10H10"></path><path d="M11.7415 7C11.6034 7 11.4915 6.88807 11.4915 6.75C11.4915 6.61193 11.6034 6.5 11.7415 6.5"></path><path d="M11.7415 7C11.8795 7 11.9915 6.88807 11.9915 6.75C11.9915 6.61193 11.8795 6.5 11.7415 6.5"></path></svg></button></div></div></div></div><div class="AvailabilitySection-module_section--IibdL AvailabilitySection-module_sectionRound--7ZN6d"><div class="AvailabilitySection-module_record--sV0gc"><div class="AvailabilitySection-module_icon--FClji AvailabilitySection-module_iconHigh--A0P1q"><svg class="ui-icon AvailabilitySection-module_iconCheck--68pbU" stroke-width="1.2" width=" 24" height="24" viewBox="0 0 24 24" preserveAspectRatio="" fill="none" stroke="currentColor" stroke-linecap="round" stroke-linejoin="round" overflow="visible"><path d="M12.6667 4.30981L5.97106 13.6431L3.33337 11.0055"></path></svg></div><div class="AvailabilitySection-module_text--zxru7 AvailabilitySection-module_textSmall--n1xcJ">Dostępny online</div></div><div class="AvailabilitySection-module_record--sV0gc"><div class="AvailabilitySection-module_icon--FClji AvailabilitySection-module_iconMedium--KUbf2"><svg class="ui-icon AvailabilitySection-module_iconExclamation--udHHV" stroke-width="1.2" width=" 24" height="24" viewBox="0 0 24 24" preserveAspectRatio="" fill="none" stroke="currentColor" stroke-linecap="round" stroke-linejoin="round" overflow="visible"><path d="M12 13V7" stroke="none"></path><path d="M11.9912 16.005C11.9585 16.0055 11.9262 16.0126 11.8963 16.0257C11.8664 16.0389 11.8394 16.0579 11.8169 16.0817C11.7945 16.1055 11.777 16.1335 11.7655 16.1641C11.7541 16.1947 11.7489 16.2273 11.7502 16.26C11.7525 16.3256 11.7802 16.3878 11.8273 16.4335C11.8745 16.4792 11.9375 16.5048 12.0032 16.505C12.0359 16.5044 12.0681 16.4972 12.0979 16.484C12.1278 16.4708 12.1547 16.4518 12.1772 16.428C12.1996 16.4043 12.2171 16.3763 12.2286 16.3458C12.2401 16.3152 12.2454 16.2826 12.2442 16.25C12.2422 16.1858 12.2159 16.1248 12.1706 16.0793C12.1253 16.0338 12.0644 16.0073 12.0002 16.005H11.9952" stroke="none"></path></svg></div><button class="AvailabilitySection-module_text--zxru7 AvailabilitySection-module_shopText--7jdjN AvailabilitySection-module_textSmall--n1xcJ">Sprawdź dostępność w drogerii</button></div></div></section></div></div></div><div class="swiper-slide ProductSlider-module_slide--q59i6 mb-4" style="margin-right: 16px;"><div class="ProductTile-module_tile--yFwR2 ProductTile-module_small--bAwXa ProductTile-module_round--R0J7y ProductTile-module_bt--7Rs6T ProductTile-module_br--DiNim ProductTile-module_bb--6rqC2 ProductTile-module_bl--VrBPG " data-testid="product-container"><section><div><div class="HeaderSection-module_headerSection--0ATl3"><div class="HeaderSection-module_badgesSection--2J8Ry"><span class="styles-module_badge--ptqlS styles-module_mega--gSaUd "><span>MEGA!</span></span></div><button aria-label="Dodaj do ulubionych" data-testid="product-add-to-favorites-button" class="HeaderSection-module_favoritesBtn--AtrEF snrs-add-to-fav" data-sku="2082156"><svg class="icon HeaderSection-module_icon--izXrZ " width="22" height="20" viewBox="0 0 22 20" fill="none" xmlns="http://www.w3.org/2000/svg"><path d="M11.0002 19L2.47741 9.85496C1.72993 9.09105 1.23535 8.09895 1.06538 7.02248C0.89541 5.94601 1.05887 4.84111 1.53207 3.86794C1.89665 3.13055 2.42251 2.4928 3.0672 2.00617C3.7119 1.51954 4.45737 1.19766 5.24344 1.06652C6.02951 0.935373 6.83416 0.998637 7.59245 1.2512C8.35073 1.50376 9.04141 1.93855 9.60872 2.52047L11.0002 3.84257L12.3917 2.52047C12.9591 1.93874 13.6498 1.50411 14.408 1.25166C15.1663 0.999207 15.9708 0.935998 16.7569 1.06713C17.5429 1.19827 18.2883 1.52007 18.933 2.00658C19.5777 2.4931 20.1036 3.13069 20.4683 3.86794C20.9412 4.84117 21.1046 5.94601 20.9346 7.02241C20.7646 8.09882 20.2702 9.0909 19.523 9.85496L11.0002 19Z" stroke="currentColor" stroke-width="1.5" stroke-linecap="round" stroke-linejoin="round"></path></svg></button></div></div><div class="ProductTile-module_imageSection--4dy3j"><div class="ImageSection-module_imageSection--JW6B4 ImageSection-module_imageSectionSmall--wtsuO  "><a href="/Produkt/Plyny-i-zele-do-wc/Frosch-plyn-do-WC-Ocet-Malinowy-750-ml,2082156,19216"><img loading="lazy" src="https://pro-fra-s3-productsassets.rossmann.pl/product_1_small/2082156_338_190_1734951951.webp" alt="FROSCH ,płyn do WC, Ocet Malinowy,przód" data-testid="product-image"></a><div class="ImageSection-module_cmpInfoWrapper---gDf+"></div></div></div><div><a href="/Produkt/Plyny-i-zele-do-wc/Frosch-plyn-do-WC-Ocet-Malinowy-750-ml,2082156,19216"><div title="FROSCH " class="DescriptionSection-module_brand--+Edq7 DescriptionSection-module_brandSmall--J0DP7" data-testid="product-brand"><strong class="DescriptionSection-module_strongSmall--8u2H2">FROSCH </strong></div><div title="płyn do WC, Ocet Malinowy" class="DescriptionSection-module_caption--t+QTb DescriptionSection-module_captionSmall--ClR1Q" data-testid="product-caption">płyn do WC, Ocet Malinowy</div><div class="DescriptionSection-module_unitSmall--AyjB0" data-testid="product-unit">750 ml</div></a></div></section><div class="ProductTile-module_priceBox--SIN7O"><section class="w-100 flex flex-column justify-content-between"><div><div class="PriceSection-module_priceSection--eIBii"><div class="PriceSection-module_priceContainer--SxUEN"><div class="PriceSection-module_priceBox--X1xEI" data-testid="product-current-price-wrapper"><span class="PriceSection-module_price--I18Do PriceSection-module_priceSmall--UhUP0 PriceSection-module_pricePromotion--4NEgk" data-testid="product-price"><span>10</span><span>,99 zł</span></span></div><span class="PriceSection-module_pricePerUnitSmall--GF40k" data-testid="product-price-per-unit">100 ml = 1,47 zł</span></div><div><button aria-label="Dodaj do koszyka" data-testid="product-add-to-basket-button" class="PriceSection-module_cartBtn--LT628 snrs-add-to-cart" data-sku="2082156" data-name="" data-regular-price="14.99" data-promo-price="10.99" data-omnibus-price="14.99" data-unit-price="100 ml = 1,47 zł" data-link="/Produkt/Plyny-i-zele-do-wc/Frosch-plyn-do-WC-Ocet-Malinowy-750-ml,2082156,19216" data-img-link="https://pro-fra-s3-productsassets.rossmann.pl/product_1_medium/2082156_360_350_1734951952.webp" data-labels="[&quot;MEGA!&quot;]" data-brand="FROSCH" data-caption="płyn do WC, Ocet Malinowy" data-unit="750 ml"><svg class="ui-icon " stroke-width="1.8" width="16" height="16" viewBox="0 0 24 24" preserveAspectRatio="" fill="none" stroke="currentColor" stroke-linecap="round" stroke-linejoin="round" overflow="visible"><path d="M3.5 9.47656L6.5 3.47656"></path><path d="M20.5 9.47656L17.5 3.47656"></path><path d="M21.5 12.4766H2.5L4.2 20.9836C4.30662 21.4208 4.56062 21.808 4.91924 22.0799C5.27786 22.3518 5.7192 22.4919 6.169 22.4766H17.831C18.2808 22.4919 18.7221 22.3518 19.0808 22.0799C19.4394 21.808 19.6934 21.4208 19.8 20.9836L21.5 12.4766Z"></path><path d="M21.5 9.47656H2.5C1.94772 9.47656 1.5 9.92428 1.5 10.4766V11.4766C1.5 12.0288 1.94772 12.4766 2.5 12.4766H21.5C22.0523 12.4766 22.5 12.0288 22.5 11.4766V10.4766C22.5 9.92428 22.0523 9.47656 21.5 9.47656Z"></path><path d="M12 15.4766V18.9766"></path><path d="M16.5 15.4766L16 18.9766"></path><path d="M7.5 15.4766L8 18.9766"></path></svg></button></div></div><div class="PriceDetailSection-module_section--GiX3L" data-testid="product-omnibus"><div class="tile-product__lowest-price"><div class="LowestPrice-module_text--cofnN LowestPrice-module_textSmall--57oJQ"><span>Najniższa cena: </span><span data-testid="lowest-price-in-30-days" class="LowestPrice-module_price--E4qKq ml-1"><span data-testid="product-price" class="styles-module_strike--3Okb2  styles-module_xxxSmall--DH55z styles-module_price--9IDpJ">14<span class="styles-module_price--9IDpJ">,99</span> <span>zł</span></span></span><button aria-label="Najniższa cena z 30 dni przed obniżką" data-state="closed" class="OmnibusTrigger-module_button--G5UaQ"><svg class="ui-icon " stroke-width="1.2" width="16" height="16" viewBox="0 0 24 24" preserveAspectRatio="" fill="none" stroke="currentColor" stroke-linecap="round" stroke-linejoin="round" overflow="visible"><path d="M12 22C17.5228 22 22 17.5228 22 12C22 6.47714 17.5228 2 12 2C6.47715 2 2 6.47714 2 12C2 17.5228 6.47715 22 12 22Z"></path><path d="M14 17H12.6667C12.4309 17 12.2048 16.8946 12.0381 16.7071C11.8715 16.5196 11.7778 16.2652 11.7778 16V10.5C11.7778 10.3674 11.7309 10.2402 11.6476 10.1465C11.5643 10.0527 11.4512 10 11.3333 10H10"></path><path d="M11.7415 7C11.6034 7 11.4915 6.88807 11.4915 6.75C11.4915 6.61193 11.6034 6.5 11.7415 6.5"></path><path d="M11.7415 7C11.8795 7 11.9915 6.88807 11.9915 6.75C11.9915 6.61193 11.8795 6.5 11.7415 6.5"></path></svg></button></div></div></div></div><div class="AvailabilitySection-module_section--IibdL AvailabilitySection-module_sectionRound--7ZN6d"><div class="AvailabilitySection-module_record--sV0gc"><div class="AvailabilitySection-module_icon--FClji AvailabilitySection-module_iconHigh--A0P1q"><svg class="ui-icon AvailabilitySection-module_iconCheck--68pbU" stroke-width="1.2" width=" 24" height="24" viewBox="0 0 24 24" preserveAspectRatio="" fill="none" stroke="currentColor" stroke-linecap="round" stroke-linejoin="round" overflow="visible"><path d="M12.6667 4.30981L5.97106 13.6431L3.33337 11.0055"></path></svg></div><div class="AvailabilitySection-module_text--zxru7 AvailabilitySection-module_textSmall--n1xcJ">Dostępny online</div></div><div class="AvailabilitySection-module_record--sV0gc"><div class="AvailabilitySection-module_icon--FClji AvailabilitySection-module_iconMedium--KUbf2"><svg class="ui-icon AvailabilitySection-module_iconExclamation--udHHV" stroke-width="1.2" width=" 24" height="24" viewBox="0 0 24 24" preserveAspectRatio="" fill="none" stroke="currentColor" stroke-linecap="round" stroke-linejoin="round" overflow="visible"><path d="M12 13V7" stroke="none"></path><path d="M11.9912 16.005C11.9585 16.0055 11.9262 16.0126 11.8963 16.0257C11.8664 16.0389 11.8394 16.0579 11.8169 16.0817C11.7945 16.1055 11.777 16.1335 11.7655 16.1641C11.7541 16.1947 11.7489 16.2273 11.7502 16.26C11.7525 16.3256 11.7802 16.3878 11.8273 16.4335C11.8745 16.4792 11.9375 16.5048 12.0032 16.505C12.0359 16.5044 12.0681 16.4972 12.0979 16.484C12.1278 16.4708 12.1547 16.4518 12.1772 16.428C12.1996 16.4043 12.2171 16.3763 12.2286 16.3458C12.2401 16.3152 12.2454 16.2826 12.2442 16.25C12.2422 16.1858 12.2159 16.1248 12.1706 16.0793C12.1253 16.0338 12.0644 16.0073 12.0002 16.005H11.9952" stroke="none"></path></svg></div><button class="AvailabilitySection-module_text--zxru7 AvailabilitySection-module_shopText--7jdjN AvailabilitySection-module_textSmall--n1xcJ">Sprawdź dostępność w drogerii</button></div></div></section></div></div></div><div class="swiper-slide ProductSlider-module_slide--q59i6 mb-4" style="margin-right: 16px;"><div class="ProductTile-module_tile--yFwR2 ProductTile-module_small--bAwXa ProductTile-module_round--R0J7y ProductTile-module_bt--7Rs6T ProductTile-module_br--DiNim ProductTile-module_bb--6rqC2 ProductTile-module_bl--VrBPG " data-testid="product-container"><section><div><div class="HeaderSection-module_headerSection--0ATl3"><div class="HeaderSection-module_badgesSection--2J8Ry"><span class="styles-module_badge--ptqlS styles-module_mega--gSaUd "><span>MEGA!</span></span></div><button aria-label="Dodaj do ulubionych" data-testid="product-add-to-favorites-button" class="HeaderSection-module_favoritesBtn--AtrEF snrs-add-to-fav" data-sku="2116288"><svg class="icon HeaderSection-module_icon--izXrZ " width="22" height="20" viewBox="0 0 22 20" fill="none" xmlns="http://www.w3.org/2000/svg"><path d="M11.0002 19L2.47741 9.85496C1.72993 9.09105 1.23535 8.09895 1.06538 7.02248C0.89541 5.94601 1.05887 4.84111 1.53207 3.86794C1.89665 3.13055 2.42251 2.4928 3.0672 2.00617C3.7119 1.51954 4.45737 1.19766 5.24344 1.06652C6.02951 0.935373 6.83416 0.998637 7.59245 1.2512C8.35073 1.50376 9.04141 1.93855 9.60872 2.52047L11.0002 3.84257L12.3917 2.52047C12.9591 1.93874 13.6498 1.50411 14.408 1.25166C15.1663 0.999207 15.9708 0.935998 16.7569 1.06713C17.5429 1.19827 18.2883 1.52007 18.933 2.00658C19.5777 2.4931 20.1036 3.13069 20.4683 3.86794C20.9412 4.84117 21.1046 5.94601 20.9346 7.02241C20.7646 8.09882 20.2702 9.0909 19.523 9.85496L11.0002 19Z" stroke="currentColor" stroke-width="1.5" stroke-linecap="round" stroke-linejoin="round"></path></svg></button></div></div><div class="ProductTile-module_imageSection--4dy3j"><div class="ImageSection-module_imageSection--JW6B4 ImageSection-module_imageSectionSmall--wtsuO  "><a href="/Produkt/Plyny-do-plukania/Silan-plyn-do-plukania-tkanin-Spring-Lavender-1-1-l,2116288,19230"><img loading="lazy" src="https://pro-fra-s3-productsassets.rossmann.pl/product_1_small/2116288_338_190_1751365263.webp" alt="SILAN ,płyn do płukania tkanin, Spring Lavender,przód" data-testid="product-image"></a><div class="ImageSection-module_cmpInfoWrapper---gDf+"></div></div></div><div><a href="/Produkt/Plyny-do-plukania/Silan-plyn-do-plukania-tkanin-Spring-Lavender-1-1-l,2116288,19230"><div title="SILAN " class="DescriptionSection-module_brand--+Edq7 DescriptionSection-module_brandSmall--J0DP7" data-testid="product-brand"><strong class="DescriptionSection-module_strongSmall--8u2H2">SILAN </strong></div><div title="płyn do płukania tkanin, Spring Lavender" class="DescriptionSection-module_caption--t+QTb DescriptionSection-module_captionSmall--ClR1Q" data-testid="product-caption">płyn do płukania tkanin, Spring Lavender</div><div class="DescriptionSection-module_unitSmall--AyjB0" data-testid="product-unit">1,1 l </div></a></div></section><div class="ProductTile-module_priceBox--SIN7O"><section class="w-100 flex flex-column justify-content-between"><div><div class="PriceSection-module_priceSection--eIBii"><div class="PriceSection-module_priceContainer--SxUEN"><div class="PriceSection-module_priceBox--X1xEI" data-testid="product-current-price-wrapper"><span class="PriceSection-module_price--I18Do PriceSection-module_priceSmall--UhUP0 PriceSection-module_pricePromotion--4NEgk" data-testid="product-price"><span>10</span><span>,99 zł</span></span></div><span class="PriceSection-module_pricePerUnitSmall--GF40k" data-testid="product-price-per-unit">1 l = 9,99 zł</span></div><div><button aria-label="Dodaj do koszyka" data-testid="product-add-to-basket-button" class="PriceSection-module_cartBtn--LT628 snrs-add-to-cart" data-sku="2116288" data-name="" data-regular-price="17.99" data-promo-price="10.99" data-omnibus-price="17.99" data-unit-price="1 l = 9,99 zł" data-link="/Produkt/Plyny-do-plukania/Silan-plyn-do-plukania-tkanin-Spring-Lavender-1-1-l,2116288,19230" data-img-link="https://pro-fra-s3-productsassets.rossmann.pl/product_1_medium/2116288_360_350_1751365265.webp" data-labels="[&quot;MEGA!&quot;]" data-brand="SILAN" data-caption="płyn do płukania tkanin, Spring Lavender" data-unit="1,1 l "><svg class="ui-icon " stroke-width="1.8" width="16" height="16" viewBox="0 0 24 24" preserveAspectRatio="" fill="none" stroke="currentColor" stroke-linecap="round" stroke-linejoin="round" overflow="visible"><path d="M3.5 9.47656L6.5 3.47656"></path><path d="M20.5 9.47656L17.5 3.47656"></path><path d="M21.5 12.4766H2.5L4.2 20.9836C4.30662 21.4208 4.56062 21.808 4.91924 22.0799C5.27786 22.3518 5.7192 22.4919 6.169 22.4766H17.831C18.2808 22.4919 18.7221 22.3518 19.0808 22.0799C19.4394 21.808 19.6934 21.4208 19.8 20.9836L21.5 12.4766Z"></path><path d="M21.5 9.47656H2.5C1.94772 9.47656 1.5 9.92428 1.5 10.4766V11.4766C1.5 12.0288 1.94772 12.4766 2.5 12.4766H21.5C22.0523 12.4766 22.5 12.0288 22.5 11.4766V10.4766C22.5 9.92428 22.0523 9.47656 21.5 9.47656Z"></path><path d="M12 15.4766V18.9766"></path><path d="M16.5 15.4766L16 18.9766"></path><path d="M7.5 15.4766L8 18.9766"></path></svg></button></div></div><div class="PriceDetailSection-module_section--GiX3L" data-testid="product-omnibus"><div class="tile-product__lowest-price"><div class="LowestPrice-module_text--cofnN LowestPrice-module_textSmall--57oJQ"><span>Najniższa cena: </span><span data-testid="lowest-price-in-30-days" class="LowestPrice-module_price--E4qKq ml-1"><span data-testid="product-price" class="styles-module_strike--3Okb2  styles-module_xxxSmall--DH55z styles-module_price--9IDpJ">17<span class="styles-module_price--9IDpJ">,99</span> <span>zł</span></span></span><button aria-label="Najniższa cena od wprowadzenia" data-state="closed" class="OmnibusTrigger-module_button--G5UaQ"><svg class="ui-icon " stroke-width="1.2" width="16" height="16" viewBox="0 0 24 24" preserveAspectRatio="" fill="none" stroke="currentColor" stroke-linecap="round" stroke-linejoin="round" overflow="visible"><path d="M12 22C17.5228 22 22 17.5228 22 12C22 6.47714 17.5228 2 12 2C6.47715 2 2 6.47714 2 12C2 17.5228 6.47715 22 12 22Z"></path><path d="M14 17H12.6667C12.4309 17 12.2048 16.8946 12.0381 16.7071C11.8715 16.5196 11.7778 16.2652 11.7778 16V10.5C11.7778 10.3674 11.7309 10.2402 11.6476 10.1465C11.5643 10.0527 11.4512 10 11.3333 10H10"></path><path d="M11.7415 7C11.6034 7 11.4915 6.88807 11.4915 6.75C11.4915 6.61193 11.6034 6.5 11.7415 6.5"></path><path d="M11.7415 7C11.8795 7 11.9915 6.88807 11.9915 6.75C11.9915 6.61193 11.8795 6.5 11.7415 6.5"></path></svg></button></div></div></div></div><div class="AvailabilitySection-module_section--IibdL AvailabilitySection-module_sectionRound--7ZN6d"><div class="AvailabilitySection-module_record--sV0gc"><div class="AvailabilitySection-module_icon--FClji AvailabilitySection-module_iconHigh--A0P1q"><svg class="ui-icon AvailabilitySection-module_iconCheck--68pbU" stroke-width="1.2" width=" 24" height="24" viewBox="0 0 24 24" preserveAspectRatio="" fill="none" stroke="currentColor" stroke-linecap="round" stroke-linejoin="round" overflow="visible"><path d="M12.6667 4.30981L5.97106 13.6431L3.33337 11.0055"></path></svg></div><div class="AvailabilitySection-module_text--zxru7 AvailabilitySection-module_textSmall--n1xcJ">Dostępny online</div></div><div class="AvailabilitySection-module_record--sV0gc"><div class="AvailabilitySection-module_icon--FClji AvailabilitySection-module_iconMedium--KUbf2"><svg class="ui-icon AvailabilitySection-module_iconExclamation--udHHV" stroke-width="1.2" width=" 24" height="24" viewBox="0 0 24 24" preserveAspectRatio="" fill="none" stroke="currentColor" stroke-linecap="round" stroke-linejoin="round" overflow="visible"><path d="M12 13V7" stroke="none"></path><path d="M11.9912 16.005C11.9585 16.0055 11.9262 16.0126 11.8963 16.0257C11.8664 16.0389 11.8394 16.0579 11.8169 16.0817C11.7945 16.1055 11.777 16.1335 11.7655 16.1641C11.7541 16.1947 11.7489 16.2273 11.7502 16.26C11.7525 16.3256 11.7802 16.3878 11.8273 16.4335C11.8745 16.4792 11.9375 16.5048 12.0032 16.505C12.0359 16.5044 12.0681 16.4972 12.0979 16.484C12.1278 16.4708 12.1547 16.4518 12.1772 16.428C12.1996 16.4043 12.2171 16.3763 12.2286 16.3458C12.2401 16.3152 12.2454 16.2826 12.2442 16.25C12.2422 16.1858 12.2159 16.1248 12.1706 16.0793C12.1253 16.0338 12.0644 16.0073 12.0002 16.005H11.9952" stroke="none"></path></svg></div><button class="AvailabilitySection-module_text--zxru7 AvailabilitySection-module_shopText--7jdjN AvailabilitySection-module_textSmall--n1xcJ">Sprawdź dostępność w drogerii</button></div></div></section></div></div></div></div></div><section class="hidden flex:md place-self-end mb-1 mr-3 g-3 SwiperNavigation-module_navigation--vkoIZ  g-3"><button class="SwiperNavigation-module_button--GUJNY Button-module_button--6GOIQ Button-module_large--xQ8J+ Button-module_icon--MEzGO Button-module_secondary--KXMX3 swiper-button-disabled" id="prev_7318a6c4-92e3-4d48-97b3-8563e0794f16" aria-label="Poprzedni slajd" disabled=""><svg class="ui-icon " stroke-width="1.2" width=" 24" height="24" viewBox="0 0 24 24" preserveAspectRatio="" fill="none" stroke="currentColor" stroke-linecap="round" stroke-linejoin="round" overflow="visible"><path d="M4 12H20M4 12C4 11.8968 4.02268 11.7941 4.06652 11.7C4.11037 11.606 4.17438 11.5221 4.25431 11.4538L13 4M4 12C4 12.1032 4.02268 12.2045 4.06652 12.2985C4.11037 12.3925 4.17438 12.4765 4.25431 12.5447L13 20"></path></svg></button><button class="SwiperNavigation-module_button--GUJNY Button-module_button--6GOIQ Button-module_large--xQ8J+ Button-module_icon--MEzGO Button-module_secondary--KXMX3" id="next_7318a6c4-92e3-4d48-97b3-8563e0794f16" aria-label="Następny slajd"><svg class="ui-icon " stroke-width="1.2" width=" 24" height="24" viewBox="0 0 24 24" preserveAspectRatio="" fill="none" stroke="currentColor" stroke-linecap="round" stroke-linejoin="round" overflow="visible"><path d="M20 12L4 12M20 12C20 12.1032 19.9773 12.2059 19.9335 12.3C19.8896 12.394 19.8256 12.4779 19.7457 12.5462L11 20M20 12C20 11.8968 19.9773 11.7955 19.9335 11.7015C19.8896 11.6075 19.8256 11.5235 19.7457 11.4553L11 4"></path></svg></button></section></div></section></section>
```
